;; -*- mode: org; mode: beancount; -*-
;; Birth: 1980-05-12
;; Dates: 2022-01-01 - 2024-08-25
;; THIS FILE HAS BEEN AUTO-GENERATED.
* Options

option "title" "Example Beancount file"
option "operating_currency" "USD"




* Commodities


1792-01-01 commodity USD
  name: "US Dollar"
  export: "CASH"

1900-01-01 commodity VMMXX
  export: "MUTF:VMMXX (MONEY:USD)"

1980-05-12 commodity VACHR
  name: "Employer Vacation Hours"
  export: "IGNORE"

1980-05-12 commodity IRAUSD
  name: "US 401k and IRA Contributions"
  export: "IGNORE"

1995-09-18 commodity VBMPX
  name: "Vanguard Total Bond Market Index Fund Institutional Plus Shares"
  export: "MUTF:VBMPX"
  price: "USD:google/MUTF:VBMPX"

2004-01-20 commodity ITOT
  name: "iShares Core S&P Total U.S. Stock Market ETF"
  export: "NYSEARCA:ITOT"
  price: "USD:google/NYSEARCA:ITOT"

2004-01-26 commodity VHT
  name: "Vanguard Health Care ETF"
  export: "NYSEARCA:VHT"
  price: "USD:google/NYSEARCA:VHT"

2004-11-01 commodity GLD
  name: "SPDR Gold Trust (ETF)"
  export: "NYSEARCA:GLD"
  price: "USD:google/NYSEARCA:GLD"

2007-07-20 commodity VEA
  name: "Vanguard FTSE Developed Markets ETF"
  export: "NYSEARCA:VEA"
  price: "USD:google/NYSEARCA:VEA"

2009-05-01 commodity RGAGX
  name: "American Funds The Growth Fund of America Class R-6"
  export: "MUTF:RGAGX"
  price: "USD:google/MUTF:RGAGX"



* Equity Accounts

1980-05-12 open Equity:Opening-Balances
1980-05-12 open Liabilities:AccountsPayable



* Banking

2022-01-01 open Assets:US:BofA
  institution: "Bank of America"
  address: "123 America Street, LargeTown, USA"
  phone: "+1.012.345.6789"
2022-01-01 open Assets:US:BofA:Checking                        USD
  account: "00234-48574897"

2022-01-01 * "Opening Balance for checking account"
  Assets:US:BofA:Checking                         4264.93 USD
  Equity:Opening-Balances                        -4264.93 USD

2022-01-02 balance Assets:US:BofA:Checking        4264.93 USD

2022-01-03 * "RiverBank Properties" "Paying the rent"
  Assets:US:BofA:Checking                        -2400.00 USD
  Expenses:Home:Rent                              2400.00 USD

2022-01-04 * "BANK FEES" "Monthly bank fee"
  Assets:US:BofA:Checking                           -4.00 USD
  Expenses:Financial:Fees                            4.00 USD

2022-01-08 * "EDISON POWER" ""
  Assets:US:BofA:Checking                          -65.00 USD
  Expenses:Home:Electricity                         65.00 USD

2022-01-20 * "Verizon Wireless" ""
  Assets:US:BofA:Checking                          -60.63 USD
  Expenses:Home:Phone                               60.63 USD

2022-01-23 * "Wine-Tarner Cable" ""
  Assets:US:BofA:Checking                          -79.97 USD
  Expenses:Home:Internet                            79.97 USD

2022-01-29 balance Assets:US:BofA:Checking        4272.30 USD

2022-02-04 * "BANK FEES" "Monthly bank fee"
  Assets:US:BofA:Checking                           -4.00 USD
  Expenses:Financial:Fees                            4.00 USD

2022-02-06 * "RiverBank Properties" "Paying the rent"
  Assets:US:BofA:Checking                        -2400.00 USD
  Expenses:Home:Rent                              2400.00 USD

2022-02-08 * "EDISON POWER" ""
  Assets:US:BofA:Checking                          -65.00 USD
  Expenses:Home:Electricity                         65.00 USD

2022-02-20 * "Verizon Wireless" ""
  Assets:US:BofA:Checking                          -66.22 USD
  Expenses:Home:Phone                               66.22 USD

2022-02-22 * "Wine-Tarner Cable" ""
  Assets:US:BofA:Checking                          -80.00 USD
  Expenses:Home:Internet                            80.00 USD

2022-02-27 balance Assets:US:BofA:Checking        3706.19 USD

2022-03-03 * "RiverBank Properties" "Paying the rent"
  Assets:US:BofA:Checking                        -2400.00 USD
  Expenses:Home:Rent                              2400.00 USD

2022-03-04 * "BANK FEES" "Monthly bank fee"
  Assets:US:BofA:Checking                           -4.00 USD
  Expenses:Financial:Fees                            4.00 USD

2022-03-09 * "EDISON POWER" ""
  Assets:US:BofA:Checking                          -65.00 USD
  Expenses:Home:Electricity                         65.00 USD

2022-03-20 * "Verizon Wireless" ""
  Assets:US:BofA:Checking                          -50.15 USD
  Expenses:Home:Phone                               50.15 USD

2022-03-21 balance Assets:US:BofA:Checking        3481.81 USD

2022-03-21 * "Wine-Tarner Cable" ""
  Assets:US:BofA:Checking                          -80.05 USD
  Expenses:Home:Internet                            80.05 USD

2022-04-04 * "BANK FEES" "Monthly bank fee"
  Assets:US:BofA:Checking                           -4.00 USD
  Expenses:Financial:Fees                            4.00 USD

2022-04-06 * "RiverBank Properties" "Paying the rent"
  Assets:US:BofA:Checking                        -2400.00 USD
  Expenses:Home:Rent                              2400.00 USD

2022-04-09 * "EDISON POWER" ""
  Assets:US:BofA:Checking                          -65.00 USD
  Expenses:Home:Electricity                         65.00 USD

2022-04-17 balance Assets:US:BofA:Checking        3047.73 USD

2022-04-18 * "Verizon Wireless" ""
  Assets:US:BofA:Checking                          -63.34 USD
  Expenses:Home:Phone                               63.34 USD

2022-04-23 * "Wine-Tarner Cable" ""
  Assets:US:BofA:Checking                          -79.99 USD
  Expenses:Home:Internet                            79.99 USD

2022-05-04 * "BANK FEES" "Monthly bank fee"
  Assets:US:BofA:Checking                           -4.00 USD
  Expenses:Financial:Fees                            4.00 USD

2022-05-04 * "RiverBank Properties" "Paying the rent"
  Assets:US:BofA:Checking                        -2400.00 USD
  Expenses:Home:Rent                              2400.00 USD

2022-05-09 * "EDISON POWER" ""
  Assets:US:BofA:Checking                          -65.00 USD
  Expenses:Home:Electricity                         65.00 USD

2022-05-11 balance Assets:US:BofA:Checking        1122.42 USD

2022-05-20 * "Verizon Wireless" ""
  Assets:US:BofA:Checking                          -73.93 USD
  Expenses:Home:Phone                               73.93 USD

2022-05-22 * "Wine-Tarner Cable" ""
  Assets:US:BofA:Checking                          -79.93 USD
  Expenses:Home:Internet                            79.93 USD

2022-06-04 * "BANK FEES" "Monthly bank fee"
  Assets:US:BofA:Checking                           -4.00 USD
  Expenses:Financial:Fees                            4.00 USD

2022-06-06 * "RiverBank Properties" "Paying the rent"
  Assets:US:BofA:Checking                        -2400.00 USD
  Expenses:Home:Rent                              2400.00 USD

2022-06-08 balance Assets:US:BofA:Checking        1265.76 USD

2022-06-09 * "EDISON POWER" ""
  Assets:US:BofA:Checking                          -65.00 USD
  Expenses:Home:Electricity                         65.00 USD

2022-06-19 * "Verizon Wireless" ""
  Assets:US:BofA:Checking                          -71.15 USD
  Expenses:Home:Phone                               71.15 USD

2022-06-21 * "Wine-Tarner Cable" ""
  Assets:US:BofA:Checking                          -80.17 USD
  Expenses:Home:Internet                            80.17 USD

2022-07-04 balance Assets:US:BofA:Checking        2947.81 USD

2022-07-04 * "BANK FEES" "Monthly bank fee"
  Assets:US:BofA:Checking                           -4.00 USD
  Expenses:Financial:Fees                            4.00 USD

2022-07-05 * "RiverBank Properties" "Paying the rent"
  Assets:US:BofA:Checking                        -2400.00 USD
  Expenses:Home:Rent                              2400.00 USD

2022-07-08 * "EDISON POWER" ""
  Assets:US:BofA:Checking                          -65.00 USD
  Expenses:Home:Electricity                         65.00 USD

2022-07-20 * "Verizon Wireless" ""
  Assets:US:BofA:Checking                          -54.96 USD
  Expenses:Home:Phone                               54.96 USD

2022-07-21 * "Wine-Tarner Cable" ""
  Assets:US:BofA:Checking                          -80.05 USD
  Expenses:Home:Internet                            80.05 USD

2022-08-01 balance Assets:US:BofA:Checking        2400.00 USD

2022-08-03 * "RiverBank Properties" "Paying the rent"
  Assets:US:BofA:Checking                        -2400.00 USD
  Expenses:Home:Rent                              2400.00 USD

2022-08-04 * "BANK FEES" "Monthly bank fee"
  Assets:US:BofA:Checking                           -4.00 USD
  Expenses:Financial:Fees                            4.00 USD

2022-08-09 * "EDISON POWER" ""
  Assets:US:BofA:Checking                          -65.00 USD
  Expenses:Home:Electricity                         65.00 USD

2022-08-19 * "Transfering accumulated savings to other account"
  Assets:US:BofA:Checking                           -3000 USD
  Assets:US:ETrade:Cash                              3000 USD

2022-08-20 * "Verizon Wireless" ""
  Assets:US:BofA:Checking                          -68.67 USD
  Expenses:Home:Phone                               68.67 USD

2022-08-21 * "Wine-Tarner Cable" ""
  Assets:US:BofA:Checking                          -79.98 USD
  Expenses:Home:Internet                            79.98 USD

2022-08-29 balance Assets:US:BofA:Checking         670.17 USD

2022-09-04 * "BANK FEES" "Monthly bank fee"
  Assets:US:BofA:Checking                           -4.00 USD
  Expenses:Financial:Fees                            4.00 USD

2022-09-04 * "RiverBank Properties" "Paying the rent"
  Assets:US:BofA:Checking                        -2400.00 USD
  Expenses:Home:Rent                              2400.00 USD

2022-09-09 * "EDISON POWER" ""
  Assets:US:BofA:Checking                          -65.00 USD
  Expenses:Home:Electricity                         65.00 USD

2022-09-18 balance Assets:US:BofA:Checking        2786.63 USD

2022-09-19 * "Verizon Wireless" ""
  Assets:US:BofA:Checking                          -47.52 USD
  Expenses:Home:Phone                               47.52 USD

2022-09-23 * "Wine-Tarner Cable" ""
  Assets:US:BofA:Checking                          -79.92 USD
  Expenses:Home:Internet                            79.92 USD

2022-10-04 * "BANK FEES" "Monthly bank fee"
  Assets:US:BofA:Checking                           -4.00 USD
  Expenses:Financial:Fees                            4.00 USD

2022-10-06 * "RiverBank Properties" "Paying the rent"
  Assets:US:BofA:Checking                        -2400.00 USD
  Expenses:Home:Rent                              2400.00 USD

2022-10-09 * "EDISON POWER" ""
  Assets:US:BofA:Checking                          -65.00 USD
  Expenses:Home:Electricity                         65.00 USD

2022-10-14 * "Transfering accumulated savings to other account"
  Assets:US:BofA:Checking                           -3500 USD
  Assets:US:ETrade:Cash                              3500 USD

2022-10-15 balance Assets:US:BofA:Checking        1195.90 USD

2022-10-19 * "Verizon Wireless" ""
  Assets:US:BofA:Checking                          -62.68 USD
  Expenses:Home:Phone                               62.68 USD

2022-10-21 * "Wine-Tarner Cable" ""
  Assets:US:BofA:Checking                          -80.12 USD
  Expenses:Home:Internet                            80.12 USD

2022-11-04 * "BANK FEES" "Monthly bank fee"
  Assets:US:BofA:Checking                           -4.00 USD
  Expenses:Financial:Fees                            4.00 USD

2022-11-04 * "RiverBank Properties" "Paying the rent"
  Assets:US:BofA:Checking                        -2400.00 USD
  Expenses:Home:Rent                              2400.00 USD

2022-11-07 balance Assets:US:BofA:Checking        1199.70 USD

2022-11-08 * "EDISON POWER" ""
  Assets:US:BofA:Checking                          -65.00 USD
  Expenses:Home:Electricity                         65.00 USD

2022-11-20 * "Verizon Wireless" ""
  Assets:US:BofA:Checking                          -83.98 USD
  Expenses:Home:Phone                               83.98 USD

2022-11-21 * "Wine-Tarner Cable" ""
  Assets:US:BofA:Checking                          -79.97 USD
  Expenses:Home:Internet                            79.97 USD

2022-11-29 balance Assets:US:BofA:Checking        5452.10 USD

2022-12-03 * "RiverBank Properties" "Paying the rent"
  Assets:US:BofA:Checking                        -2400.00 USD
  Expenses:Home:Rent                              2400.00 USD

2022-12-04 * "BANK FEES" "Monthly bank fee"
  Assets:US:BofA:Checking                           -4.00 USD
  Expenses:Financial:Fees                            4.00 USD

2022-12-09 * "EDISON POWER" ""
  Assets:US:BofA:Checking                          -65.00 USD
  Expenses:Home:Electricity                         65.00 USD

2022-12-18 * "Verizon Wireless" ""
  Assets:US:BofA:Checking                          -63.09 USD
  Expenses:Home:Phone                               63.09 USD

2022-12-21 * "Wine-Tarner Cable" ""
  Assets:US:BofA:Checking                          -80.07 USD
  Expenses:Home:Internet                            80.07 USD

2022-12-29 balance Assets:US:BofA:Checking        7670.89 USD

2023-01-04 * "BANK FEES" "Monthly bank fee"
  Assets:US:BofA:Checking                           -4.00 USD
  Expenses:Financial:Fees                            4.00 USD

2023-01-06 * "RiverBank Properties" "Paying the rent"
  Assets:US:BofA:Checking                        -2400.00 USD
  Expenses:Home:Rent                              2400.00 USD

2023-01-08 * "EDISON POWER" ""
  Assets:US:BofA:Checking                          -65.00 USD
  Expenses:Home:Electricity                         65.00 USD

2023-01-18 * "Verizon Wireless" ""
  Assets:US:BofA:Checking                          -55.84 USD
  Expenses:Home:Phone                               55.84 USD

2023-01-21 * "Wine-Tarner Cable" ""
  Assets:US:BofA:Checking                          -80.00 USD
  Expenses:Home:Internet                            80.00 USD

2023-01-26 balance Assets:US:BofA:Checking        6898.22 USD

2023-02-03 * "RiverBank Properties" "Paying the rent"
  Assets:US:BofA:Checking                        -2400.00 USD
  Expenses:Home:Rent                              2400.00 USD

2023-02-04 * "BANK FEES" "Monthly bank fee"
  Assets:US:BofA:Checking                           -4.00 USD
  Expenses:Financial:Fees                            4.00 USD

2023-02-08 * "EDISON POWER" ""
  Assets:US:BofA:Checking                          -65.00 USD
  Expenses:Home:Electricity                         65.00 USD

2023-02-15 balance Assets:US:BofA:Checking        5146.57 USD

2023-02-19 * "Verizon Wireless" ""
  Assets:US:BofA:Checking                          -51.04 USD
  Expenses:Home:Phone                               51.04 USD

2023-02-22 * "Wine-Tarner Cable" ""
  Assets:US:BofA:Checking                          -80.15 USD
  Expenses:Home:Internet                            80.15 USD

2023-03-03 * "RiverBank Properties" "Paying the rent"
  Assets:US:BofA:Checking                        -2400.00 USD
  Expenses:Home:Rent                              2400.00 USD

2023-03-04 * "BANK FEES" "Monthly bank fee"
  Assets:US:BofA:Checking                           -4.00 USD
  Expenses:Financial:Fees                            4.00 USD

2023-03-08 balance Assets:US:BofA:Checking        5312.58 USD

2023-03-08 * "EDISON POWER" ""
  Assets:US:BofA:Checking                          -65.00 USD
  Expenses:Home:Electricity                         65.00 USD

2023-03-19 * "Verizon Wireless" ""
  Assets:US:BofA:Checking                          -57.31 USD
  Expenses:Home:Phone                               57.31 USD

2023-03-23 * "Wine-Tarner Cable" ""
  Assets:US:BofA:Checking                          -80.02 USD
  Expenses:Home:Internet                            80.02 USD

2023-04-03 * "RiverBank Properties" "Paying the rent"
  Assets:US:BofA:Checking                        -2400.00 USD
  Expenses:Home:Rent                              2400.00 USD

2023-04-04 * "BANK FEES" "Monthly bank fee"
  Assets:US:BofA:Checking                           -4.00 USD
  Expenses:Financial:Fees                            4.00 USD

2023-04-05 balance Assets:US:BofA:Checking        4364.82 USD

2023-04-09 * "EDISON POWER" ""
  Assets:US:BofA:Checking                          -65.00 USD
  Expenses:Home:Electricity                         65.00 USD

2023-04-18 * "Verizon Wireless" ""
  Assets:US:BofA:Checking                          -49.35 USD
  Expenses:Home:Phone                               49.35 USD

2023-04-22 * "Wine-Tarner Cable" ""
  Assets:US:BofA:Checking                          -79.83 USD
  Expenses:Home:Internet                            79.83 USD

2023-04-27 balance Assets:US:BofA:Checking        4701.41 USD

2023-05-04 * "BANK FEES" "Monthly bank fee"
  Assets:US:BofA:Checking                           -4.00 USD
  Expenses:Financial:Fees                            4.00 USD

2023-05-04 * "RiverBank Properties" "Paying the rent"
  Assets:US:BofA:Checking                        -2400.00 USD
  Expenses:Home:Rent                              2400.00 USD

2023-05-08 * "EDISON POWER" ""
  Assets:US:BofA:Checking                          -65.00 USD
  Expenses:Home:Electricity                         65.00 USD

2023-05-18 * "Verizon Wireless" ""
  Assets:US:BofA:Checking                          -61.88 USD
  Expenses:Home:Phone                               61.88 USD

2023-05-21 balance Assets:US:BofA:Checking        3974.79 USD

2023-05-22 * "Wine-Tarner Cable" ""
  Assets:US:BofA:Checking                          -80.01 USD
  Expenses:Home:Internet                            80.01 USD

2023-06-04 * "BANK FEES" "Monthly bank fee"
  Assets:US:BofA:Checking                           -4.00 USD
  Expenses:Financial:Fees                            4.00 USD

2023-06-04 * "RiverBank Properties" "Paying the rent"
  Assets:US:BofA:Checking                        -2400.00 USD
  Expenses:Home:Rent                              2400.00 USD

2023-06-08 * "EDISON POWER" ""
  Assets:US:BofA:Checking                          -65.00 USD
  Expenses:Home:Electricity                         65.00 USD

2023-06-12 balance Assets:US:BofA:Checking        3612.56 USD

2023-06-20 * "Verizon Wireless" ""
  Assets:US:BofA:Checking                          -53.75 USD
  Expenses:Home:Phone                               53.75 USD

2023-06-21 * "Wine-Tarner Cable" ""
  Assets:US:BofA:Checking                          -80.06 USD
  Expenses:Home:Internet                            80.06 USD

2023-07-03 balance Assets:US:BofA:Checking        4829.35 USD

2023-07-04 * "BANK FEES" "Monthly bank fee"
  Assets:US:BofA:Checking                           -4.00 USD
  Expenses:Financial:Fees                            4.00 USD

2023-07-05 * "RiverBank Properties" "Paying the rent"
  Assets:US:BofA:Checking                        -2400.00 USD
  Expenses:Home:Rent                              2400.00 USD

2023-07-09 * "EDISON POWER" ""
  Assets:US:BofA:Checking                          -65.00 USD
  Expenses:Home:Electricity                         65.00 USD

2023-07-18 * "Verizon Wireless" ""
  Assets:US:BofA:Checking                          -60.59 USD
  Expenses:Home:Phone                               60.59 USD

2023-07-21 * "Transfering accumulated savings to other account"
  Assets:US:BofA:Checking                           -3000 USD
  Assets:US:ETrade:Cash                              3000 USD

2023-07-23 * "Wine-Tarner Cable" ""
  Assets:US:BofA:Checking                          -79.78 USD
  Expenses:Home:Internet                            79.78 USD

2023-08-02 balance Assets:US:BofA:Checking        1362.73 USD

2023-08-04 * "BANK FEES" "Monthly bank fee"
  Assets:US:BofA:Checking                           -4.00 USD
  Expenses:Financial:Fees                            4.00 USD

2023-08-05 * "RiverBank Properties" "Paying the rent"
  Assets:US:BofA:Checking                        -2400.00 USD
  Expenses:Home:Rent                              2400.00 USD

2023-08-09 * "EDISON POWER" ""
  Assets:US:BofA:Checking                          -65.00 USD
  Expenses:Home:Electricity                         65.00 USD

2023-08-19 * "Verizon Wireless" ""
  Assets:US:BofA:Checking                          -59.93 USD
  Expenses:Home:Phone                               59.93 USD

2023-08-23 * "Wine-Tarner Cable" ""
  Assets:US:BofA:Checking                          -80.03 USD
  Expenses:Home:Internet                            80.03 USD

2023-08-27 balance Assets:US:BofA:Checking        3042.83 USD

2023-09-04 * "BANK FEES" "Monthly bank fee"
  Assets:US:BofA:Checking                           -4.00 USD
  Expenses:Financial:Fees                            4.00 USD

2023-09-05 * "RiverBank Properties" "Paying the rent"
  Assets:US:BofA:Checking                        -2400.00 USD
  Expenses:Home:Rent                              2400.00 USD

2023-09-09 * "EDISON POWER" ""
  Assets:US:BofA:Checking                          -65.00 USD
  Expenses:Home:Electricity                         65.00 USD

2023-09-15 * "Transfering accumulated savings to other account"
  Assets:US:BofA:Checking                           -4000 USD
  Assets:US:ETrade:Cash                              4000 USD

2023-09-19 * "Verizon Wireless" ""
  Assets:US:BofA:Checking                          -61.09 USD
  Expenses:Home:Phone                               61.09 USD

2023-09-22 balance Assets:US:BofA:Checking         876.79 USD

2023-09-23 * "Wine-Tarner Cable" ""
  Assets:US:BofA:Checking                          -80.05 USD
  Expenses:Home:Internet                            80.05 USD

2023-10-03 * "RiverBank Properties" "Paying the rent"
  Assets:US:BofA:Checking                        -2400.00 USD
  Expenses:Home:Rent                              2400.00 USD

2023-10-04 * "BANK FEES" "Monthly bank fee"
  Assets:US:BofA:Checking                           -4.00 USD
  Expenses:Financial:Fees                            4.00 USD

2023-10-09 * "EDISON POWER" ""
  Assets:US:BofA:Checking                          -65.00 USD
  Expenses:Home:Electricity                         65.00 USD

2023-10-12 balance Assets:US:BofA:Checking         342.44 USD

2023-10-20 * "Verizon Wireless" ""
  Assets:US:BofA:Checking                          -55.29 USD
  Expenses:Home:Phone                               55.29 USD

2023-10-21 * "Wine-Tarner Cable" ""
  Assets:US:BofA:Checking                          -79.84 USD
  Expenses:Home:Internet                            79.84 USD

2023-11-02 balance Assets:US:BofA:Checking        5308.51 USD

2023-11-04 * "BANK FEES" "Monthly bank fee"
  Assets:US:BofA:Checking                           -4.00 USD
  Expenses:Financial:Fees                            4.00 USD

2023-11-06 * "RiverBank Properties" "Paying the rent"
  Assets:US:BofA:Checking                        -2400.00 USD
  Expenses:Home:Rent                              2400.00 USD

2023-11-08 * "EDISON POWER" ""
  Assets:US:BofA:Checking                          -65.00 USD
  Expenses:Home:Electricity                         65.00 USD

2023-11-10 * "Transfering accumulated savings to other account"
  Assets:US:BofA:Checking                           -4000 USD
  Assets:US:ETrade:Cash                              4000 USD

2023-11-18 * "Verizon Wireless" ""
  Assets:US:BofA:Checking                          -54.67 USD
  Expenses:Home:Phone                               54.67 USD

2023-11-22 * "Wine-Tarner Cable" ""
  Assets:US:BofA:Checking                          -79.90 USD
  Expenses:Home:Internet                            79.90 USD

2023-11-23 balance Assets:US:BofA:Checking         705.27 USD

2023-12-04 * "BANK FEES" "Monthly bank fee"
  Assets:US:BofA:Checking                           -4.00 USD
  Expenses:Financial:Fees                            4.00 USD

2023-12-06 * "RiverBank Properties" "Paying the rent"
  Assets:US:BofA:Checking                        -2400.00 USD
  Expenses:Home:Rent                              2400.00 USD

2023-12-08 * "EDISON POWER" ""
  Assets:US:BofA:Checking                          -65.00 USD
  Expenses:Home:Electricity                         65.00 USD

2023-12-16 balance Assets:US:BofA:Checking        2769.79 USD

2023-12-18 * "Verizon Wireless" ""
  Assets:US:BofA:Checking                          -73.48 USD
  Expenses:Home:Phone                               73.48 USD

2023-12-21 * "Wine-Tarner Cable" ""
  Assets:US:BofA:Checking                          -80.00 USD
  Expenses:Home:Internet                            80.00 USD

2024-01-04 * "BANK FEES" "Monthly bank fee"
  Assets:US:BofA:Checking                           -4.00 USD
  Expenses:Financial:Fees                            4.00 USD

2024-01-05 * "RiverBank Properties" "Paying the rent"
  Assets:US:BofA:Checking                        -2400.00 USD
  Expenses:Home:Rent                              2400.00 USD

2024-01-08 * "EDISON POWER" ""
  Assets:US:BofA:Checking                          -65.00 USD
  Expenses:Home:Electricity                         65.00 USD

2024-01-15 balance Assets:US:BofA:Checking        3556.70 USD

2024-01-20 * "Verizon Wireless" ""
  Assets:US:BofA:Checking                          -59.78 USD
  Expenses:Home:Phone                               59.78 USD

2024-01-21 * "Wine-Tarner Cable" ""
  Assets:US:BofA:Checking                          -80.01 USD
  Expenses:Home:Internet                            80.01 USD

2024-02-04 * "BANK FEES" "Monthly bank fee"
  Assets:US:BofA:Checking                           -4.00 USD
  Expenses:Financial:Fees                            4.00 USD

2024-02-06 * "RiverBank Properties" "Paying the rent"
  Assets:US:BofA:Checking                        -2400.00 USD
  Expenses:Home:Rent                              2400.00 USD

2024-02-07 balance Assets:US:BofA:Checking        3714.11 USD

2024-02-08 * "EDISON POWER" ""
  Assets:US:BofA:Checking                          -65.00 USD
  Expenses:Home:Electricity                         65.00 USD

2024-02-20 * "Verizon Wireless" ""
  Assets:US:BofA:Checking                          -64.55 USD
  Expenses:Home:Phone                               64.55 USD

2024-02-23 * "Wine-Tarner Cable" ""
  Assets:US:BofA:Checking                          -79.95 USD
  Expenses:Home:Internet                            79.95 USD

2024-03-04 * "BANK FEES" "Monthly bank fee"
  Assets:US:BofA:Checking                           -4.00 USD
  Expenses:Financial:Fees                            4.00 USD

2024-03-05 * "RiverBank Properties" "Paying the rent"
  Assets:US:BofA:Checking                        -2400.00 USD
  Expenses:Home:Rent                              2400.00 USD

2024-03-06 balance Assets:US:BofA:Checking        3213.85 USD

2024-03-08 * "EDISON POWER" ""
  Assets:US:BofA:Checking                          -65.00 USD
  Expenses:Home:Electricity                         65.00 USD

2024-03-19 * "Verizon Wireless" ""
  Assets:US:BofA:Checking                          -56.79 USD
  Expenses:Home:Phone                               56.79 USD

2024-03-22 * "Wine-Tarner Cable" ""
  Assets:US:BofA:Checking                          -80.12 USD
  Expenses:Home:Internet                            80.12 USD

2024-04-03 * "RiverBank Properties" "Paying the rent"
  Assets:US:BofA:Checking                        -2400.00 USD
  Expenses:Home:Rent                              2400.00 USD

2024-04-04 balance Assets:US:BofA:Checking        2009.73 USD

2024-04-04 * "BANK FEES" "Monthly bank fee"
  Assets:US:BofA:Checking                           -4.00 USD
  Expenses:Financial:Fees                            4.00 USD

2024-04-08 * "EDISON POWER" ""
  Assets:US:BofA:Checking                          -65.00 USD
  Expenses:Home:Electricity                         65.00 USD

2024-04-20 * "Verizon Wireless" ""
  Assets:US:BofA:Checking                          -69.33 USD
  Expenses:Home:Phone                               69.33 USD

2024-04-21 * "Wine-Tarner Cable" ""
  Assets:US:BofA:Checking                          -80.04 USD
  Expenses:Home:Internet                            80.04 USD

2024-04-29 balance Assets:US:BofA:Checking        3793.79 USD

2024-05-04 * "BANK FEES" "Monthly bank fee"
  Assets:US:BofA:Checking                           -4.00 USD
  Expenses:Financial:Fees                            4.00 USD

2024-05-06 * "RiverBank Properties" "Paying the rent"
  Assets:US:BofA:Checking                        -2400.00 USD
  Expenses:Home:Rent                              2400.00 USD

2024-05-09 * "EDISON POWER" ""
  Assets:US:BofA:Checking                          -65.00 USD
  Expenses:Home:Electricity                         65.00 USD

2024-05-18 * "Verizon Wireless" ""
  Assets:US:BofA:Checking                          -61.77 USD
  Expenses:Home:Phone                               61.77 USD

2024-05-23 * "Wine-Tarner Cable" ""
  Assets:US:BofA:Checking                          -80.14 USD
  Expenses:Home:Internet                            80.14 USD

2024-05-28 balance Assets:US:BofA:Checking        2989.93 USD

2024-06-03 * "RiverBank Properties" "Paying the rent"
  Assets:US:BofA:Checking                        -2400.00 USD
  Expenses:Home:Rent                              2400.00 USD

2024-06-04 * "BANK FEES" "Monthly bank fee"
  Assets:US:BofA:Checking                           -4.00 USD
  Expenses:Financial:Fees                            4.00 USD

2024-06-08 * "EDISON POWER" ""
  Assets:US:BofA:Checking                          -65.00 USD
  Expenses:Home:Electricity                         65.00 USD

2024-06-19 balance Assets:US:BofA:Checking        1170.27 USD

2024-06-19 * "Verizon Wireless" ""
  Assets:US:BofA:Checking                          -56.56 USD
  Expenses:Home:Phone                               56.56 USD

2024-06-22 * "Wine-Tarner Cable" ""
  Assets:US:BofA:Checking                          -79.92 USD
  Expenses:Home:Internet                            79.92 USD

2024-07-04 * "BANK FEES" "Monthly bank fee"
  Assets:US:BofA:Checking                           -4.00 USD
  Expenses:Financial:Fees                            4.00 USD

2024-07-05 * "RiverBank Properties" "Paying the rent"
  Assets:US:BofA:Checking                        -2400.00 USD
  Expenses:Home:Rent                              2400.00 USD

2024-07-08 * "EDISON POWER" ""
  Assets:US:BofA:Checking                          -65.00 USD
  Expenses:Home:Electricity                         65.00 USD

2024-07-10 balance Assets:US:BofA:Checking         765.87 USD

2024-07-19 * "Verizon Wireless" ""
  Assets:US:BofA:Checking                          -57.40 USD
  Expenses:Home:Phone                               57.40 USD

2024-07-23 * "Wine-Tarner Cable" ""
  Assets:US:BofA:Checking                          -80.10 USD
  Expenses:Home:Internet                            80.10 USD

2024-08-02 * "Transfering accumulated savings to other account"
  Assets:US:BofA:Checking                           -3500 USD
  Assets:US:ETrade:Cash                              3500 USD

2024-08-04 * "BANK FEES" "Monthly bank fee"
  Assets:US:BofA:Checking                           -4.00 USD
  Expenses:Financial:Fees                            4.00 USD

2024-08-05 balance Assets:US:BofA:Checking         525.57 USD



* Credit-Cards

1980-05-12 open Liabilities:US:Chase:Slate                      USD

2022-01-06 * "Uncle Boons" "Eating out with work buddies"
  Liabilities:US:Chase:Slate                       -12.30 USD
  Expenses:Food:Restaurant                          12.30 USD

2022-01-07 * "Chichipotle" "Eating out with Joe"
  Liabilities:US:Chase:Slate                       -40.33 USD
  Expenses:Food:Restaurant                          40.33 USD

2022-01-10 * "Chase:Slate" "Paying off credit card"
  Liabilities:US:Chase:Slate                        84.23 USD
  Assets:US:BofA:Checking                          -84.23 USD

2022-01-12 * "Uncle Boons" "Eating out with Julie"
  Liabilities:US:Chase:Slate                       -31.60 USD
  Expenses:Food:Restaurant                          31.60 USD

2022-01-13 * "Farmer Fresh" "Buying groceries"
  Liabilities:US:Chase:Slate                       -77.94 USD
  Expenses:Food:Groceries                           77.94 USD

2022-01-16 * "China Garden" "Eating out with Julie"
  Liabilities:US:Chase:Slate                       -17.63 USD
  Expenses:Food:Restaurant                          17.63 USD

2022-01-17 * "Uncle Boons" "Eating out with work buddies"
  Liabilities:US:Chase:Slate                       -13.80 USD
  Expenses:Food:Restaurant                          13.80 USD

2022-01-20 * "China Garden" "Eating out with work buddies"
  Liabilities:US:Chase:Slate                       -18.25 USD
  Expenses:Food:Restaurant                          18.25 USD

2022-01-22 * "China Garden" "Eating out with work buddies"
  Liabilities:US:Chase:Slate                       -33.78 USD
  Expenses:Food:Restaurant                          33.78 USD

2022-01-25 * "Cafe Modagor" "Eating out after work"
  Liabilities:US:Chase:Slate                       -25.49 USD
  Expenses:Food:Restaurant                          25.49 USD

2022-01-25 * "Farmer Fresh" "Buying groceries"
  Liabilities:US:Chase:Slate                       -89.78 USD
  Expenses:Food:Groceries                           89.78 USD

2022-01-28 balance Liabilities:US:Chase:Slate     -276.67 USD

2022-01-29 * "Cafe Modagor" "Eating out with work buddies"
  Liabilities:US:Chase:Slate                       -35.24 USD
  Expenses:Food:Restaurant                          35.24 USD

2022-01-29 * "Metro Transport Authority" "Tram tickets"
  Liabilities:US:Chase:Slate                      -120.00 USD
  Expenses:Transport:Tram                          120.00 USD

2022-02-03 * "Cafe Modagor" "Eating out "
  Liabilities:US:Chase:Slate                       -22.14 USD
  Expenses:Food:Restaurant                          22.14 USD

2022-02-05 * "Corner Deli" "Buying groceries"
  Liabilities:US:Chase:Slate                      -107.09 USD
  Expenses:Food:Groceries                          107.09 USD

2022-02-06 * "Jewel of Morroco" "Eating out with Joe"
  Liabilities:US:Chase:Slate                       -53.20 USD
  Expenses:Food:Restaurant                          53.20 USD

2022-02-07 * "Chase:Slate" "Paying off credit card"
  Liabilities:US:Chase:Slate                       652.09 USD
  Assets:US:BofA:Checking                         -652.09 USD

2022-02-11 * "Chichipotle" "Eating out with work buddies"
  Liabilities:US:Chase:Slate                       -37.75 USD
  Expenses:Food:Restaurant                          37.75 USD

2022-02-16 * "Jewel of Morroco" "Eating out with work buddies"
  Liabilities:US:Chase:Slate                       -26.50 USD
  Expenses:Food:Restaurant                          26.50 USD

2022-02-17 * "Kin Soy" "Eating out "
  Liabilities:US:Chase:Slate                       -26.05 USD
  Expenses:Food:Restaurant                          26.05 USD

2022-02-19 * "Goba Goba" "Eating out with Joe"
  Liabilities:US:Chase:Slate                       -36.86 USD
  Expenses:Food:Restaurant                          36.86 USD

2022-02-22 balance Liabilities:US:Chase:Slate      -89.41 USD

2022-02-22 * "Goba Goba" "Eating out after work"
  Liabilities:US:Chase:Slate                       -23.49 USD
  Expenses:Food:Restaurant                          23.49 USD

2022-02-24 * "Onion Market" "Buying groceries"
  Liabilities:US:Chase:Slate                       -82.45 USD
  Expenses:Food:Groceries                           82.45 USD

2022-02-25 * "Metro Transport Authority" "Tram tickets"
  Liabilities:US:Chase:Slate                      -120.00 USD
  Expenses:Transport:Tram                          120.00 USD

2022-02-27 * "Chichipotle" "Eating out with Bill"
  Liabilities:US:Chase:Slate                       -34.93 USD
  Expenses:Food:Restaurant                          34.93 USD

2022-03-04 * "Uncle Boons" "Eating out with Joe"
  Liabilities:US:Chase:Slate                       -19.79 USD
  Expenses:Food:Restaurant                          19.79 USD

2022-03-08 * "Cafe Modagor" "Eating out with Bill"
  Liabilities:US:Chase:Slate                       -36.36 USD
  Expenses:Food:Restaurant                          36.36 USD

2022-03-08 * "Chase:Slate" "Paying off credit card"
  Liabilities:US:Chase:Slate                       406.43 USD
  Assets:US:BofA:Checking                         -406.43 USD

2022-03-12 * "Chichipotle" "Eating out with Julie"
  Liabilities:US:Chase:Slate                       -41.30 USD
  Expenses:Food:Restaurant                          41.30 USD

2022-03-16 * "Corner Deli" "Buying groceries"
  Liabilities:US:Chase:Slate                       -82.96 USD
  Expenses:Food:Groceries                           82.96 USD

2022-03-17 * "Kin Soy" "Eating out with Bill"
  Liabilities:US:Chase:Slate                       -22.58 USD
  Expenses:Food:Restaurant                          22.58 USD

2022-03-19 balance Liabilities:US:Chase:Slate     -146.84 USD

2022-03-22 * "China Garden" "Eating out "
  Liabilities:US:Chase:Slate                       -18.87 USD
  Expenses:Food:Restaurant                          18.87 USD

2022-03-23 * "Uncle Boons" "Eating out alone"
  Liabilities:US:Chase:Slate                       -28.74 USD
  Expenses:Food:Restaurant                          28.74 USD

2022-03-24 * "Farmer Fresh" "Buying groceries"
  Liabilities:US:Chase:Slate                       -65.72 USD
  Expenses:Food:Groceries                           65.72 USD

2022-03-26 * "Rose Flower" "Eating out with Julie"
  Liabilities:US:Chase:Slate                       -50.73 USD
  Expenses:Food:Restaurant                          50.73 USD

2022-03-26 * "Metro Transport Authority" "Tram tickets"
  Liabilities:US:Chase:Slate                      -120.00 USD
  Expenses:Transport:Tram                          120.00 USD

2022-03-30 * "Jewel of Morroco" "Eating out with Joe"
  Liabilities:US:Chase:Slate                       -11.31 USD
  Expenses:Food:Restaurant                          11.31 USD

2022-04-02 * "Kin Soy" "Eating out with Natasha"
  Liabilities:US:Chase:Slate                       -18.61 USD
  Expenses:Food:Restaurant                          18.61 USD

2022-04-05 * "Good Moods Market" "Buying groceries"
  Liabilities:US:Chase:Slate                       -68.34 USD
  Expenses:Food:Groceries                           68.34 USD

2022-04-06 * "China Garden" "Eating out after work"
  Liabilities:US:Chase:Slate                       -23.50 USD
  Expenses:Food:Restaurant                          23.50 USD

2022-04-07 * "Cafe Modagor" "Eating out "
  Liabilities:US:Chase:Slate                       -33.57 USD
  Expenses:Food:Restaurant                          33.57 USD

2022-04-07 * "Chase:Slate" "Paying off credit card"
  Liabilities:US:Chase:Slate                       586.23 USD
  Assets:US:BofA:Checking                         -586.23 USD

2022-04-10 * "Kin Soy" "Eating out after work"
  Liabilities:US:Chase:Slate                       -29.51 USD
  Expenses:Food:Restaurant                          29.51 USD

2022-04-14 * "Cafe Modagor" "Eating out after work"
  Liabilities:US:Chase:Slate                       -34.68 USD
  Expenses:Food:Restaurant                          34.68 USD

2022-04-15 * "Chichipotle" "Eating out with Julie"
  Liabilities:US:Chase:Slate                       -36.17 USD
  Expenses:Food:Restaurant                          36.17 USD

2022-04-16 balance Liabilities:US:Chase:Slate     -100.36 USD

2022-04-16 * "China Garden" "Eating out with work buddies"
  Liabilities:US:Chase:Slate                       -28.10 USD
  Expenses:Food:Restaurant                          28.10 USD

2022-04-17 * "China Garden" "Eating out after work"
  Liabilities:US:Chase:Slate                       -41.34 USD
  Expenses:Food:Restaurant                          41.34 USD

2022-04-18 * "Goba Goba" "Eating out with Bill"
  Liabilities:US:Chase:Slate                       -33.57 USD
  Expenses:Food:Restaurant                          33.57 USD

2022-04-21 * "Farmer Fresh" "Buying groceries"
  Liabilities:US:Chase:Slate                       -73.12 USD
  Expenses:Food:Groceries                           73.12 USD

2022-04-23 * "Jewel of Morroco" "Eating out with Joe"
  Liabilities:US:Chase:Slate                       -19.18 USD
  Expenses:Food:Restaurant                          19.18 USD

2022-04-27 * "Uncle Boons" "Eating out with Natasha"
  Liabilities:US:Chase:Slate                       -44.34 USD
  Expenses:Food:Restaurant                          44.34 USD

2022-04-27 * "Metro Transport Authority" "Tram tickets"
  Liabilities:US:Chase:Slate                      -120.00 USD
  Expenses:Transport:Tram                          120.00 USD

2022-04-30 * "Rose Flower" "Eating out after work"
  Liabilities:US:Chase:Slate                       -29.32 USD
  Expenses:Food:Restaurant                          29.32 USD

2022-05-05 * "Chichipotle" "Eating out "
  Liabilities:US:Chase:Slate                       -78.55 USD
  Expenses:Food:Restaurant                          78.55 USD

2022-05-05 * "Good Moods Market" "Buying groceries"
  Liabilities:US:Chase:Slate                       -80.23 USD
  Expenses:Food:Groceries                           80.23 USD

2022-05-09 * "Rose Flower" "Eating out with Bill"
  Liabilities:US:Chase:Slate                       -15.47 USD
  Expenses:Food:Restaurant                          15.47 USD

2022-05-09 * "Chase:Slate" "Paying off credit card"
  Liabilities:US:Chase:Slate                       663.58 USD
  Assets:US:BofA:Checking                         -663.58 USD

2022-05-11 balance Liabilities:US:Chase:Slate           0 USD

2022-05-11 * "Corner Deli" "Buying groceries"
  Liabilities:US:Chase:Slate                       -94.71 USD
  Expenses:Food:Groceries                           94.71 USD

2022-05-13 * "Kin Soy" "Eating out "
  Liabilities:US:Chase:Slate                       -32.76 USD
  Expenses:Food:Restaurant                          32.76 USD

2022-05-17 * "Rose Flower" "Eating out with Bill"
  Liabilities:US:Chase:Slate                       -21.32 USD
  Expenses:Food:Restaurant                          21.32 USD

2022-05-21 * "Jewel of Morroco" "Eating out alone"
  Liabilities:US:Chase:Slate                       -21.54 USD
  Expenses:Food:Restaurant                          21.54 USD

2022-05-23 * "Jewel of Morroco" "Eating out with work buddies"
  Liabilities:US:Chase:Slate                       -54.92 USD
  Expenses:Food:Restaurant                          54.92 USD

2022-05-25 * "China Garden" "Eating out with Joe"
  Liabilities:US:Chase:Slate                       -46.89 USD
  Expenses:Food:Restaurant                          46.89 USD

2022-05-25 * "Onion Market" "Buying groceries"
  Liabilities:US:Chase:Slate                       -89.82 USD
  Expenses:Food:Groceries                           89.82 USD

2022-05-26 * "Rose Flower" "Eating out with Joe"
  Liabilities:US:Chase:Slate                       -43.97 USD
  Expenses:Food:Restaurant                          43.97 USD

2022-05-29 * "Jewel of Morroco" "Eating out alone"
  Liabilities:US:Chase:Slate                       -26.83 USD
  Expenses:Food:Restaurant                          26.83 USD

2022-05-30 * "Corner Deli" "Buying groceries"
  Liabilities:US:Chase:Slate                      -119.43 USD
  Expenses:Food:Groceries                          119.43 USD

2022-05-30 * "Metro Transport Authority" "Tram tickets"
  Liabilities:US:Chase:Slate                      -120.00 USD
  Expenses:Transport:Tram                          120.00 USD

2022-05-31 * "Jewel of Morroco" "Eating out after work"
  Liabilities:US:Chase:Slate                       -30.18 USD
  Expenses:Food:Restaurant                          30.18 USD

2022-06-03 balance Liabilities:US:Chase:Slate     -702.37 USD

2022-06-05 * "Jewel of Morroco" "Eating out "
  Liabilities:US:Chase:Slate                       -16.99 USD
  Expenses:Food:Restaurant                          16.99 USD

2022-06-06 * "Kin Soy" "Eating out "
  Liabilities:US:Chase:Slate                       -35.78 USD
  Expenses:Food:Restaurant                          35.78 USD

2022-06-09 * "Chase:Slate" "Paying off credit card"
  Liabilities:US:Chase:Slate                       802.83 USD
  Assets:US:BofA:Checking                         -802.83 USD

2022-06-11 * "Kin Soy" "Eating out with Bill"
  Liabilities:US:Chase:Slate                       -47.69 USD
  Expenses:Food:Restaurant                          47.69 USD

2022-06-15 * "Uncle Boons" "Eating out with work buddies"
  Liabilities:US:Chase:Slate                       -17.97 USD
  Expenses:Food:Restaurant                          17.97 USD

2022-06-17 * "Cafe Modagor" "Eating out with Joe"
  Liabilities:US:Chase:Slate                       -41.60 USD
  Expenses:Food:Restaurant                          41.60 USD

2022-06-18 * "Cafe Modagor" "Eating out with work buddies"
  Liabilities:US:Chase:Slate                       -38.40 USD
  Expenses:Food:Restaurant                          38.40 USD

2022-06-19 * "Rose Flower" "Eating out with Natasha"
  Liabilities:US:Chase:Slate                       -18.66 USD
  Expenses:Food:Restaurant                          18.66 USD

2022-06-19 * "Corner Deli" "Buying groceries"
  Liabilities:US:Chase:Slate                      -108.38 USD
  Expenses:Food:Groceries                          108.38 USD

2022-06-22 * "Cafe Modagor" "Eating out with Joe"
  Liabilities:US:Chase:Slate                       -74.30 USD
  Expenses:Food:Restaurant                          74.30 USD

2022-06-23 * "Cafe Modagor" "Eating out "
  Liabilities:US:Chase:Slate                       -20.05 USD
  Expenses:Food:Restaurant                          20.05 USD

2022-06-24 * "Cafe Modagor" "Eating out "
  Liabilities:US:Chase:Slate                       -43.71 USD
  Expenses:Food:Restaurant                          43.71 USD

2022-06-27 balance Liabilities:US:Chase:Slate     -363.07 USD

2022-06-29 * "Uncle Boons" "Eating out "
  Liabilities:US:Chase:Slate                       -34.41 USD
  Expenses:Food:Restaurant                          34.41 USD

2022-06-29 * "Metro Transport Authority" "Tram tickets"
  Liabilities:US:Chase:Slate                      -120.00 USD
  Expenses:Transport:Tram                          120.00 USD

2022-06-30 * "Good Moods Market" "Buying groceries"
  Liabilities:US:Chase:Slate                       -83.13 USD
  Expenses:Food:Groceries                           83.13 USD

2022-07-02 * "Goba Goba" "Eating out alone"
  Liabilities:US:Chase:Slate                       -26.94 USD
  Expenses:Food:Restaurant                          26.94 USD

2022-07-07 * "Jewel of Morroco" "Eating out with work buddies"
  Liabilities:US:Chase:Slate                       -17.45 USD
  Expenses:Food:Restaurant                          17.45 USD

2022-07-07 * "Chase:Slate" "Paying off credit card"
  Liabilities:US:Chase:Slate                       645.00 USD
  Assets:US:BofA:Checking                         -645.00 USD

2022-07-08 * "Kin Soy" "Eating out with Bill"
  Liabilities:US:Chase:Slate                       -54.54 USD
  Expenses:Food:Restaurant                          54.54 USD

2022-07-13 * "Kin Soy" "Eating out alone"
  Liabilities:US:Chase:Slate                       -73.66 USD
  Expenses:Food:Restaurant                          73.66 USD

2022-07-13 * "Farmer Fresh" "Buying groceries"
  Liabilities:US:Chase:Slate                       -66.13 USD
  Expenses:Food:Groceries                           66.13 USD

2022-07-15 * "Goba Goba" "Eating out with work buddies"
  Liabilities:US:Chase:Slate                       -32.08 USD
  Expenses:Food:Restaurant                          32.08 USD

2022-07-19 balance Liabilities:US:Chase:Slate     -226.41 USD

2022-07-20 * "Cafe Modagor" "Eating out with Bill"
  Liabilities:US:Chase:Slate                       -40.66 USD
  Expenses:Food:Restaurant                          40.66 USD

2022-07-25 * "China Garden" "Eating out with Julie"
  Liabilities:US:Chase:Slate                       -46.58 USD
  Expenses:Food:Restaurant                          46.58 USD

2022-07-28 * "Metro Transport Authority" "Tram tickets"
  Liabilities:US:Chase:Slate                      -120.00 USD
  Expenses:Transport:Tram                          120.00 USD

2022-07-30 * "Kin Soy" "Eating out with Joe"
  Liabilities:US:Chase:Slate                       -36.28 USD
  Expenses:Food:Restaurant                          36.28 USD

2022-07-31 * "Farmer Fresh" "Buying groceries"
  Liabilities:US:Chase:Slate                       -75.72 USD
  Expenses:Food:Groceries                           75.72 USD

2022-08-02 * "Rose Flower" "Eating out with Julie"
  Liabilities:US:Chase:Slate                       -31.94 USD
  Expenses:Food:Restaurant                          31.94 USD

2022-08-07 * "Rose Flower" "Eating out with Natasha"
  Liabilities:US:Chase:Slate                       -19.46 USD
  Expenses:Food:Restaurant                          19.46 USD

2022-08-08 * "Good Moods Market" "Buying groceries"
  Liabilities:US:Chase:Slate                       -91.56 USD
  Expenses:Food:Groceries                           91.56 USD

2022-08-10 * "Chase:Slate" "Paying off credit card"
  Liabilities:US:Chase:Slate                       713.38 USD
  Assets:US:BofA:Checking                         -713.38 USD

2022-08-11 * "Jewel of Morroco" "Eating out with Julie"
  Liabilities:US:Chase:Slate                       -24.77 USD
  Expenses:Food:Restaurant                          24.77 USD

2022-08-14 * "Goba Goba" "Eating out with Joe"
  Liabilities:US:Chase:Slate                       -23.01 USD
  Expenses:Food:Restaurant                          23.01 USD

2022-08-15 balance Liabilities:US:Chase:Slate      -23.01 USD

2022-08-18 * "Goba Goba" "Eating out "
  Liabilities:US:Chase:Slate                       -17.91 USD
  Expenses:Food:Restaurant                          17.91 USD

2022-08-19 * "Jewel of Morroco" "Eating out with work buddies"
  Liabilities:US:Chase:Slate                       -25.60 USD
  Expenses:Food:Restaurant                          25.60 USD

2022-08-20 * "Kin Soy" "Eating out with work buddies"
  Liabilities:US:Chase:Slate                       -33.52 USD
  Expenses:Food:Restaurant                          33.52 USD

2022-08-22 * "China Garden" "Eating out with Natasha"
  Liabilities:US:Chase:Slate                       -33.74 USD
  Expenses:Food:Restaurant                          33.74 USD

2022-08-25 * "Onion Market" "Buying groceries"
  Liabilities:US:Chase:Slate                       -68.17 USD
  Expenses:Food:Groceries                           68.17 USD

2022-08-25 * "Metro Transport Authority" "Tram tickets"
  Liabilities:US:Chase:Slate                      -120.00 USD
  Expenses:Transport:Tram                          120.00 USD

2022-08-27 * "Rose Flower" "Eating out alone"
  Liabilities:US:Chase:Slate                       -16.06 USD
  Expenses:Food:Restaurant                          16.06 USD

2022-08-31 * "Chichipotle" "Eating out with Julie"
  Liabilities:US:Chase:Slate                       -12.68 USD
  Expenses:Food:Restaurant                          12.68 USD

2022-09-02 * "China Garden" "Eating out with Julie"
  Liabilities:US:Chase:Slate                       -34.94 USD
  Expenses:Food:Restaurant                          34.94 USD

2022-09-06 * "Rose Flower" "Eating out after work"
  Liabilities:US:Chase:Slate                       -20.87 USD
  Expenses:Food:Restaurant                          20.87 USD

2022-09-07 balance Liabilities:US:Chase:Slate     -406.50 USD

2022-09-07 * "Good Moods Market" "Buying groceries"
  Liabilities:US:Chase:Slate                       -59.59 USD
  Expenses:Food:Groceries                           59.59 USD

2022-09-09 * "Chase:Slate" "Paying off credit card"
  Liabilities:US:Chase:Slate                       515.74 USD
  Assets:US:BofA:Checking                         -515.74 USD

2022-09-10 * "Chichipotle" "Eating out "
  Liabilities:US:Chase:Slate                       -49.65 USD
  Expenses:Food:Restaurant                          49.65 USD

2022-09-13 * "Cafe Modagor" "Eating out "
  Liabilities:US:Chase:Slate                       -17.47 USD
  Expenses:Food:Restaurant                          17.47 USD

2022-09-15 * "China Garden" "Eating out with Joe"
  Liabilities:US:Chase:Slate                       -19.72 USD
  Expenses:Food:Restaurant                          19.72 USD

2022-09-17 * "Farmer Fresh" "Buying groceries"
  Liabilities:US:Chase:Slate                       -93.77 USD
  Expenses:Food:Groceries                           93.77 USD

2022-09-18 * "Cafe Modagor" "Eating out alone"
  Liabilities:US:Chase:Slate                       -28.89 USD
  Expenses:Food:Restaurant                          28.89 USD

2022-09-23 * "Chichipotle" "Eating out with Julie"
  Liabilities:US:Chase:Slate                       -53.13 USD
  Expenses:Food:Restaurant                          53.13 USD

2022-09-24 * "Metro Transport Authority" "Tram tickets"
  Liabilities:US:Chase:Slate                      -120.00 USD
  Expenses:Transport:Tram                          120.00 USD

2022-09-28 * "Cafe Modagor" "Eating out with work buddies"
  Liabilities:US:Chase:Slate                       -78.90 USD
  Expenses:Food:Restaurant                          78.90 USD

2022-09-30 * "Kin Soy" "Eating out alone"
  Liabilities:US:Chase:Slate                       -32.32 USD
  Expenses:Food:Restaurant                          32.32 USD

2022-09-30 * "Onion Market" "Buying groceries"
  Liabilities:US:Chase:Slate                       -79.28 USD
  Expenses:Food:Groceries                           79.28 USD

2022-10-05 * "Cafe Modagor" "Eating out with Joe"
  Liabilities:US:Chase:Slate                       -50.44 USD
  Expenses:Food:Restaurant                          50.44 USD

2022-10-06 balance Liabilities:US:Chase:Slate     -573.92 USD

2022-10-08 * "Goba Goba" "Eating out after work"
  Liabilities:US:Chase:Slate                       -21.57 USD
  Expenses:Food:Restaurant                          21.57 USD

2022-10-08 * "Chase:Slate" "Paying off credit card"
  Liabilities:US:Chase:Slate                       595.49 USD
  Assets:US:BofA:Checking                         -595.49 USD

2022-10-12 * "Jewel of Morroco" "Eating out with Bill"
  Liabilities:US:Chase:Slate                       -19.08 USD
  Expenses:Food:Restaurant                          19.08 USD

2022-10-15 * "Farmer Fresh" "Buying groceries"
  Liabilities:US:Chase:Slate                      -104.32 USD
  Expenses:Food:Groceries                          104.32 USD

2022-10-17 * "Rose Flower" "Eating out with Joe"
  Liabilities:US:Chase:Slate                       -43.18 USD
  Expenses:Food:Restaurant                          43.18 USD

2022-10-18 * "Chichipotle" "Eating out with Julie"
  Liabilities:US:Chase:Slate                       -16.32 USD
  Expenses:Food:Restaurant                          16.32 USD

2022-10-23 * "Rose Flower" "Eating out with work buddies"
  Liabilities:US:Chase:Slate                       -21.95 USD
  Expenses:Food:Restaurant                          21.95 USD

2022-10-26 * "Metro Transport Authority" "Tram tickets"
  Liabilities:US:Chase:Slate                      -120.00 USD
  Expenses:Transport:Tram                          120.00 USD

2022-10-27 * "Rose Flower" "Eating out with Joe"
  Liabilities:US:Chase:Slate                       -26.67 USD
  Expenses:Food:Restaurant                          26.67 USD

2022-10-29 * "Rose Flower" "Eating out with Natasha"
  Liabilities:US:Chase:Slate                       -35.92 USD
  Expenses:Food:Restaurant                          35.92 USD

2022-11-02 balance Liabilities:US:Chase:Slate     -387.44 USD

2022-11-02 * "Good Moods Market" "Buying groceries"
  Liabilities:US:Chase:Slate                       -63.29 USD
  Expenses:Food:Groceries                           63.29 USD

2022-11-03 * "Kin Soy" "Eating out after work"
  Liabilities:US:Chase:Slate                       -57.45 USD
  Expenses:Food:Restaurant                          57.45 USD

2022-11-06 * "Kin Soy" "Eating out with Julie"
  Liabilities:US:Chase:Slate                       -34.54 USD
  Expenses:Food:Restaurant                          34.54 USD

2022-11-08 * "Chase:Slate" "Paying off credit card"
  Liabilities:US:Chase:Slate                       619.85 USD
  Assets:US:BofA:Checking                         -619.85 USD

2022-11-10 * "Corner Deli" "Buying groceries"
  Liabilities:US:Chase:Slate                       -77.13 USD
  Expenses:Food:Groceries                           77.13 USD

2022-11-11 * "Rose Flower" "Eating out with Natasha"
  Liabilities:US:Chase:Slate                       -19.97 USD
  Expenses:Food:Restaurant                          19.97 USD

2022-11-16 * "Rose Flower" "Eating out "
  Liabilities:US:Chase:Slate                       -45.23 USD
  Expenses:Food:Restaurant                          45.23 USD

2022-11-20 * "Jewel of Morroco" "Eating out with Julie"
  Liabilities:US:Chase:Slate                       -46.50 USD
  Expenses:Food:Restaurant                          46.50 USD

2022-11-21 * "Cafe Modagor" "Eating out with Natasha"
  Liabilities:US:Chase:Slate                       -22.62 USD
  Expenses:Food:Restaurant                          22.62 USD

2022-11-23 * "Good Moods Market" "Buying groceries"
  Liabilities:US:Chase:Slate                       -54.22 USD
  Expenses:Food:Groceries                           54.22 USD

2022-11-25 * "Goba Goba" "Eating out with Joe"
  Liabilities:US:Chase:Slate                       -43.58 USD
  Expenses:Food:Restaurant                          43.58 USD

2022-11-26 * "Chichipotle" "Eating out with Julie"
  Liabilities:US:Chase:Slate                       -24.59 USD
  Expenses:Food:Restaurant                          24.59 USD

2022-11-27 * "Metro Transport Authority" "Tram tickets"
  Liabilities:US:Chase:Slate                      -120.00 USD
  Expenses:Transport:Tram                          120.00 USD

2022-11-28 balance Liabilities:US:Chase:Slate     -376.71 USD

2022-12-01 * "Rose Flower" "Eating out "
  Liabilities:US:Chase:Slate                       -39.83 USD
  Expenses:Food:Restaurant                          39.83 USD

2022-12-02 * "Uncle Boons" "Eating out with Joe"
  Liabilities:US:Chase:Slate                       -22.11 USD
  Expenses:Food:Restaurant                          22.11 USD

2022-12-03 * "Goba Goba" "Eating out with Julie"
  Liabilities:US:Chase:Slate                       -25.67 USD
  Expenses:Food:Restaurant                          25.67 USD

2022-12-04 * "Farmer Fresh" "Buying groceries"
  Liabilities:US:Chase:Slate                       -87.73 USD
  Expenses:Food:Groceries                           87.73 USD

2022-12-05 * "China Garden" "Eating out with Bill"
  Liabilities:US:Chase:Slate                       -19.93 USD
  Expenses:Food:Restaurant                          19.93 USD

2022-12-07 * "Chase:Slate" "Paying off credit card"
  Liabilities:US:Chase:Slate                       590.25 USD
  Assets:US:BofA:Checking                         -590.25 USD

2022-12-09 * "China Garden" "Eating out after work"
  Liabilities:US:Chase:Slate                       -18.27 USD
  Expenses:Food:Restaurant                          18.27 USD

2022-12-11 * "Jewel of Morroco" "Eating out alone"
  Liabilities:US:Chase:Slate                       -79.44 USD
  Expenses:Food:Restaurant                          79.44 USD

2022-12-12 * "Onion Market" "Buying groceries"
  Liabilities:US:Chase:Slate                       -57.36 USD
  Expenses:Food:Groceries                           57.36 USD

2022-12-15 * "Kin Soy" "Eating out after work"
  Liabilities:US:Chase:Slate                       -37.39 USD
  Expenses:Food:Restaurant                          37.39 USD

2022-12-17 * "Kin Soy" "Eating out with Natasha"
  Liabilities:US:Chase:Slate                       -16.64 USD
  Expenses:Food:Restaurant                          16.64 USD

2022-12-18 * "Kin Soy" "Eating out with work buddies"
  Liabilities:US:Chase:Slate                       -26.22 USD
  Expenses:Food:Restaurant                          26.22 USD

2022-12-18 * "Onion Market" "Buying groceries"
  Liabilities:US:Chase:Slate                       -62.12 USD
  Expenses:Food:Groceries                           62.12 USD

2022-12-20 * "Goba Goba" "Eating out after work"
  Liabilities:US:Chase:Slate                       -19.95 USD
  Expenses:Food:Restaurant                          19.95 USD

2022-12-21 * "Cafe Modagor" "Eating out "
  Liabilities:US:Chase:Slate                       -60.40 USD
  Expenses:Food:Restaurant                          60.40 USD

2022-12-22 * "Kin Soy" "Eating out after work"
  Liabilities:US:Chase:Slate                       -37.70 USD
  Expenses:Food:Restaurant                          37.70 USD

2022-12-24 * "Farmer Fresh" "Buying groceries"
  Liabilities:US:Chase:Slate                      -135.55 USD
  Expenses:Food:Groceries                          135.55 USD

2022-12-26 balance Liabilities:US:Chase:Slate     -532.77 USD

2022-12-26 * "Jewel of Morroco" "Eating out alone"
  Liabilities:US:Chase:Slate                       -31.18 USD
  Expenses:Food:Restaurant                          31.18 USD

2022-12-26 * "Metro Transport Authority" "Tram tickets"
  Liabilities:US:Chase:Slate                      -120.00 USD
  Expenses:Transport:Tram                          120.00 USD

2022-12-29 * "Jewel of Morroco" "Eating out with Bill"
  Liabilities:US:Chase:Slate                       -30.03 USD
  Expenses:Food:Restaurant                          30.03 USD

2022-12-30 * "China Garden" "Eating out alone"
  Liabilities:US:Chase:Slate                       -27.60 USD
  Expenses:Food:Restaurant                          27.60 USD

2023-01-04 * "Rose Flower" "Eating out with Natasha"
  Liabilities:US:Chase:Slate                       -31.44 USD
  Expenses:Food:Restaurant                          31.44 USD

2023-01-04 * "Onion Market" "Buying groceries"
  Liabilities:US:Chase:Slate                       -51.02 USD
  Expenses:Food:Groceries                           51.02 USD

2023-01-08 * "Chase:Slate" "Paying off credit card"
  Liabilities:US:Chase:Slate                       869.03 USD
  Assets:US:BofA:Checking                         -869.03 USD

2023-01-09 * "Chichipotle" "Eating out alone"
  Liabilities:US:Chase:Slate                       -44.99 USD
  Expenses:Food:Restaurant                          44.99 USD

2023-01-12 * "China Garden" "Eating out "
  Liabilities:US:Chase:Slate                       -54.04 USD
  Expenses:Food:Restaurant                          54.04 USD

2023-01-17 * "Uncle Boons" "Eating out with Bill"
  Liabilities:US:Chase:Slate                       -25.81 USD
  Expenses:Food:Restaurant                          25.81 USD

2023-01-19 balance Liabilities:US:Chase:Slate      -79.85 USD

2023-01-20 * "Jewel of Morroco" "Eating out "
  Liabilities:US:Chase:Slate                       -17.21 USD
  Expenses:Food:Restaurant                          17.21 USD

2023-01-22 * "Cafe Modagor" "Eating out with Natasha"
  Liabilities:US:Chase:Slate                       -39.40 USD
  Expenses:Food:Restaurant                          39.40 USD

2023-01-24 * "Corner Deli" "Buying groceries"
  Liabilities:US:Chase:Slate                       -41.90 USD
  Expenses:Food:Groceries                           41.90 USD

2023-01-25 * "Metro Transport Authority" "Tram tickets"
  Liabilities:US:Chase:Slate                      -120.00 USD
  Expenses:Transport:Tram                          120.00 USD

2023-01-27 * "Goba Goba" "Eating out after work"
  Liabilities:US:Chase:Slate                       -21.41 USD
  Expenses:Food:Restaurant                          21.41 USD

2023-01-28 * "Goba Goba" "Eating out after work"
  Liabilities:US:Chase:Slate                       -31.54 USD
  Expenses:Food:Restaurant                          31.54 USD

2023-02-02 * "Cafe Modagor" "Eating out with Natasha"
  Liabilities:US:Chase:Slate                       -26.52 USD
  Expenses:Food:Restaurant                          26.52 USD

2023-02-03 * "Chichipotle" "Eating out alone"
  Liabilities:US:Chase:Slate                       -17.95 USD
  Expenses:Food:Restaurant                          17.95 USD

2023-02-07 * "Kin Soy" "Eating out with Bill"
  Liabilities:US:Chase:Slate                       -55.24 USD
  Expenses:Food:Restaurant                          55.24 USD

2023-02-08 * "Good Moods Market" "Buying groceries"
  Liabilities:US:Chase:Slate                       -89.86 USD
  Expenses:Food:Groceries                           89.86 USD

2023-02-09 * "Kin Soy" "Eating out "
  Liabilities:US:Chase:Slate                       -30.94 USD
  Expenses:Food:Restaurant                          30.94 USD

2023-02-10 * "Uncle Boons" "Eating out with Bill"
  Liabilities:US:Chase:Slate                       -26.82 USD
  Expenses:Food:Restaurant                          26.82 USD

2023-02-11 * "Chase:Slate" "Paying off credit card"
  Liabilities:US:Chase:Slate                       633.25 USD
  Assets:US:BofA:Checking                         -633.25 USD

2023-02-13 event "location" "New York"

2023-02-14 * "Cafe Select" "" #trip-new-york-2023
  Liabilities:US:Chase:Slate                       -29.50 USD
  Expenses:Food:Restaurant                          29.50 USD

2023-02-14 * "La Colombe" "" #trip-new-york-2023
  Liabilities:US:Chase:Slate                        -4.68 USD
  Expenses:Food:Coffee                               4.68 USD

2023-02-15 balance Liabilities:US:Chase:Slate        0.43 USD

2023-02-15 * "Uncle Boons" "" #trip-new-york-2023
  Liabilities:US:Chase:Slate                       -47.74 USD
  Expenses:Food:Restaurant                          47.74 USD

2023-02-15 * "Takahachi" "" #trip-new-york-2023
  Liabilities:US:Chase:Slate                       -49.57 USD
  Expenses:Food:Restaurant                          49.57 USD

2023-02-16 * "Cafe Select" "" #trip-new-york-2023
  Liabilities:US:Chase:Slate                       -26.51 USD
  Expenses:Food:Restaurant                          26.51 USD

2023-02-16 * "Takahachi" "" #trip-new-york-2023
  Liabilities:US:Chase:Slate                       -47.90 USD
  Expenses:Food:Restaurant                          47.90 USD

2023-02-16 * "Laut" "" #trip-new-york-2023
  Liabilities:US:Chase:Slate                       -29.81 USD
  Expenses:Food:Restaurant                          29.81 USD

2023-02-16 * "La Colombe" "" #trip-new-york-2023
  Liabilities:US:Chase:Slate                        -6.28 USD
  Expenses:Food:Coffee                               6.28 USD

2023-02-17 * "Uncle Boons" "" #trip-new-york-2023
  Liabilities:US:Chase:Slate                       -35.23 USD
  Expenses:Food:Restaurant                          35.23 USD

2023-02-17 * "Cafe Select" "" #trip-new-york-2023
  Liabilities:US:Chase:Slate                       -33.54 USD
  Expenses:Food:Restaurant                          33.54 USD

2023-02-17 * "Laut" "" #trip-new-york-2023
  Liabilities:US:Chase:Slate                       -32.79 USD
  Expenses:Food:Restaurant                          32.79 USD

2023-02-17 * "La Colombe" "" #trip-new-york-2023
  Liabilities:US:Chase:Slate                        -6.74 USD
  Expenses:Food:Coffee                               6.74 USD

2023-02-19 * "Uncle Boons" "" #trip-new-york-2023
  Liabilities:US:Chase:Slate                       -39.97 USD
  Expenses:Food:Restaurant                          39.97 USD

2023-02-19 * "Laut" "" #trip-new-york-2023
  Liabilities:US:Chase:Slate                       -25.97 USD
  Expenses:Food:Restaurant                          25.97 USD

2023-02-20 * "Cafe Select" "" #trip-new-york-2023
  Liabilities:US:Chase:Slate                       -27.02 USD
  Expenses:Food:Restaurant                          27.02 USD

2023-02-20 * "La Colombe" "" #trip-new-york-2023
  Liabilities:US:Chase:Slate                        -5.69 USD
  Expenses:Food:Coffee                               5.69 USD

2023-02-20 * "Gimme! Coffee" "" #trip-new-york-2023
  Liabilities:US:Chase:Slate                        -8.40 USD
  Expenses:Food:Coffee                               8.40 USD

2023-02-21 * "Takahachi" "" #trip-new-york-2023
  Liabilities:US:Chase:Slate                       -52.68 USD
  Expenses:Food:Restaurant                          52.68 USD

2023-02-21 * "La Colombe" "" #trip-new-york-2023
  Liabilities:US:Chase:Slate                        -5.48 USD
  Expenses:Food:Coffee                               5.48 USD

2023-02-22 * "La Colombe" "" #trip-new-york-2023
  Liabilities:US:Chase:Slate                        -6.48 USD
  Expenses:Food:Coffee                               6.48 USD

2023-02-23 * "Laut" "" #trip-new-york-2023
  Liabilities:US:Chase:Slate                       -24.84 USD
  Expenses:Food:Restaurant                          24.84 USD

2023-02-25 * "Cafe Select" "" #trip-new-york-2023
  Liabilities:US:Chase:Slate                       -26.24 USD
  Expenses:Food:Restaurant                          26.24 USD

2023-02-25 * "Takahachi" "" #trip-new-york-2023
  Liabilities:US:Chase:Slate                       -56.21 USD
  Expenses:Food:Restaurant                          56.21 USD

2023-02-25 * "Gimme! Coffee" "" #trip-new-york-2023
  Liabilities:US:Chase:Slate                        -4.58 USD
  Expenses:Food:Coffee                               4.58 USD

2023-02-26 * "La Colombe" "" #trip-new-york-2023
  Liabilities:US:Chase:Slate                        -5.33 USD
  Expenses:Food:Coffee                               5.33 USD

2023-02-28 * "La Colombe" "" #trip-new-york-2023
  Liabilities:US:Chase:Slate                        -4.30 USD
  Expenses:Food:Coffee                               4.30 USD

2023-03-02 * "Uncle Boons" "" #trip-new-york-2023
  Liabilities:US:Chase:Slate                       -40.92 USD
  Expenses:Food:Restaurant                          40.92 USD

2023-03-02 * "La Colombe" "" #trip-new-york-2023
  Liabilities:US:Chase:Slate                        -6.24 USD
  Expenses:Food:Coffee                               6.24 USD

2023-03-03 * "Laut" "" #trip-new-york-2023
  Liabilities:US:Chase:Slate                       -28.00 USD
  Expenses:Food:Restaurant                          28.00 USD

2023-03-03 * "Gimme! Coffee" "" #trip-new-york-2023
  Liabilities:US:Chase:Slate                        -7.00 USD
  Expenses:Food:Coffee                               7.00 USD

2023-03-04 * "Uncle Boons" "" #trip-new-york-2023
  Liabilities:US:Chase:Slate                       -44.48 USD
  Expenses:Food:Restaurant                          44.48 USD

2023-03-06 * "Takahachi" "" #trip-new-york-2023
  Liabilities:US:Chase:Slate                       -54.83 USD
  Expenses:Food:Restaurant                          54.83 USD

2023-03-06 * "Gimme! Coffee" "" #trip-new-york-2023
  Liabilities:US:Chase:Slate                        -4.87 USD
  Expenses:Food:Coffee                               4.87 USD

2023-03-07 * "Uncle Boons" "" #trip-new-york-2023
  Liabilities:US:Chase:Slate                       -33.53 USD
  Expenses:Food:Restaurant                          33.53 USD

2023-03-07 * "Cafe Select" "" #trip-new-york-2023
  Liabilities:US:Chase:Slate                       -31.46 USD
  Expenses:Food:Restaurant                          31.46 USD

2023-03-07 * "Gimme! Coffee" "" #trip-new-york-2023
  Liabilities:US:Chase:Slate                        -8.82 USD
  Expenses:Food:Coffee                               8.82 USD

2023-03-07 * "Consume vacation days"
  Assets:US:Babble:Vacation                          -176 VACHR
  Expenses:Vacation                                   176 VACHR

2023-03-07 event "location" "New Metropolis"

2023-03-08 * "Goba Goba" "Eating out with Julie"
  Liabilities:US:Chase:Slate                       -34.61 USD
  Expenses:Food:Restaurant                          34.61 USD

2023-03-09 * "Chase:Slate" "Paying off credit card"
  Liabilities:US:Chase:Slate                        96.64 USD
  Assets:US:BofA:Checking                          -96.64 USD

2023-03-11 * "Onion Market" "Buying groceries"
  Liabilities:US:Chase:Slate                       -96.64 USD
  Expenses:Food:Groceries                           96.64 USD

2023-03-12 * "Goba Goba" "Eating out with work buddies"
  Liabilities:US:Chase:Slate                       -20.57 USD
  Expenses:Food:Restaurant                          20.57 USD

2023-03-15 * "Rose Flower" "Eating out with Natasha"
  Liabilities:US:Chase:Slate                       -46.05 USD
  Expenses:Food:Restaurant                          46.05 USD

2023-03-16 * "Cafe Modagor" "Eating out with work buddies"
  Liabilities:US:Chase:Slate                       -40.77 USD
  Expenses:Food:Restaurant                          40.77 USD

2023-03-17 balance Liabilities:US:Chase:Slate    -1011.02 USD

2023-03-17 * "Chichipotle" "Eating out with work buddies"
  Liabilities:US:Chase:Slate                       -24.39 USD
  Expenses:Food:Restaurant                          24.39 USD

2023-03-17 * "Farmer Fresh" "Buying groceries"
  Liabilities:US:Chase:Slate                       -52.37 USD
  Expenses:Food:Groceries                           52.37 USD

2023-03-18 * "Uncle Boons" "Eating out with Julie"
  Liabilities:US:Chase:Slate                       -51.90 USD
  Expenses:Food:Restaurant                          51.90 USD

2023-03-22 * "Jewel of Morroco" "Eating out with Bill"
  Liabilities:US:Chase:Slate                       -21.44 USD
  Expenses:Food:Restaurant                          21.44 USD

2023-03-26 * "Chichipotle" "Eating out with Bill"
  Liabilities:US:Chase:Slate                       -20.73 USD
  Expenses:Food:Restaurant                          20.73 USD

2023-03-27 * "Metro Transport Authority" "Tram tickets"
  Liabilities:US:Chase:Slate                      -120.00 USD
  Expenses:Transport:Tram                          120.00 USD

2023-03-28 * "Jewel of Morroco" "Eating out with Bill"
  Liabilities:US:Chase:Slate                       -62.79 USD
  Expenses:Food:Restaurant                          62.79 USD

2023-04-02 * "Chichipotle" "Eating out with Bill"
  Liabilities:US:Chase:Slate                       -17.04 USD
  Expenses:Food:Restaurant                          17.04 USD

2023-04-02 * "Good Moods Market" "Buying groceries"
  Liabilities:US:Chase:Slate                      -120.56 USD
  Expenses:Food:Groceries                          120.56 USD

2023-04-04 * "Uncle Boons" "Eating out with work buddies"
  Liabilities:US:Chase:Slate                       -38.95 USD
  Expenses:Food:Restaurant                          38.95 USD

2023-04-06 * "China Garden" "Eating out alone"
  Liabilities:US:Chase:Slate                       -34.82 USD
  Expenses:Food:Restaurant                          34.82 USD

2023-04-08 * "Jewel of Morroco" "Eating out alone"
  Liabilities:US:Chase:Slate                       -31.18 USD
  Expenses:Food:Restaurant                          31.18 USD

2023-04-09 * "China Garden" "Eating out with Joe"
  Liabilities:US:Chase:Slate                      -116.27 USD
  Expenses:Food:Restaurant                         116.27 USD

2023-04-09 * "Chase:Slate" "Paying off credit card"
  Liabilities:US:Chase:Slate                       819.83 USD
  Assets:US:BofA:Checking                         -819.83 USD

2023-04-11 * "China Garden" "Eating out "
  Liabilities:US:Chase:Slate                       -20.07 USD
  Expenses:Food:Restaurant                          20.07 USD

2023-04-12 balance Liabilities:US:Chase:Slate     -923.70 USD

2023-04-12 * "Rose Flower" "Eating out with Julie"
  Liabilities:US:Chase:Slate                       -51.90 USD
  Expenses:Food:Restaurant                          51.90 USD

2023-04-13 * "Farmer Fresh" "Buying groceries"
  Liabilities:US:Chase:Slate                       -76.39 USD
  Expenses:Food:Groceries                           76.39 USD

2023-04-16 * "Kin Soy" "Eating out with Joe"
  Liabilities:US:Chase:Slate                       -25.26 USD
  Expenses:Food:Restaurant                          25.26 USD

2023-04-18 * "Farmer Fresh" "Buying groceries"
  Liabilities:US:Chase:Slate                       -71.06 USD
  Expenses:Food:Groceries                           71.06 USD

2023-04-19 * "Kin Soy" "Eating out "
  Liabilities:US:Chase:Slate                       -26.57 USD
  Expenses:Food:Restaurant                          26.57 USD

2023-04-23 * "Goba Goba" "Eating out with Julie"
  Liabilities:US:Chase:Slate                       -15.32 USD
  Expenses:Food:Restaurant                          15.32 USD

2023-04-23 * "Farmer Fresh" "Buying groceries"
  Liabilities:US:Chase:Slate                       -76.70 USD
  Expenses:Food:Groceries                           76.70 USD

2023-04-25 * "Goba Goba" "Eating out with work buddies"
  Liabilities:US:Chase:Slate                       -24.39 USD
  Expenses:Food:Restaurant                          24.39 USD

2023-04-27 * "Metro Transport Authority" "Tram tickets"
  Liabilities:US:Chase:Slate                      -120.00 USD
  Expenses:Transport:Tram                          120.00 USD

2023-04-28 * "China Garden" "Eating out with work buddies"
  Liabilities:US:Chase:Slate                       -19.26 USD
  Expenses:Food:Restaurant                          19.26 USD

2023-04-28 * "Farmer Fresh" "Buying groceries"
  Liabilities:US:Chase:Slate                       -77.63 USD
  Expenses:Food:Groceries                           77.63 USD

2023-05-01 * "Goba Goba" "Eating out with Julie"
  Liabilities:US:Chase:Slate                       -16.60 USD
  Expenses:Food:Restaurant                          16.60 USD

2023-05-03 * "China Garden" "Eating out after work"
  Liabilities:US:Chase:Slate                       -56.00 USD
  Expenses:Food:Restaurant                          56.00 USD

2023-05-05 * "Kin Soy" "Eating out after work"
  Liabilities:US:Chase:Slate                       -16.56 USD
  Expenses:Food:Restaurant                          16.56 USD

2023-05-05 * "Onion Market" "Buying groceries"
  Liabilities:US:Chase:Slate                       -88.27 USD
  Expenses:Food:Groceries                           88.27 USD

2023-05-08 balance Liabilities:US:Chase:Slate    -1685.61 USD

2023-05-08 * "Kin Soy" "Eating out alone"
  Liabilities:US:Chase:Slate                       -25.97 USD
  Expenses:Food:Restaurant                          25.97 USD

2023-05-09 * "Chase:Slate" "Paying off credit card"
  Liabilities:US:Chase:Slate                       896.94 USD
  Assets:US:BofA:Checking                         -896.94 USD

2023-05-11 * "Onion Market" "Buying groceries"
  Liabilities:US:Chase:Slate                       -88.99 USD
  Expenses:Food:Groceries                           88.99 USD

2023-05-13 * "Goba Goba" "Eating out after work"
  Liabilities:US:Chase:Slate                       -27.82 USD
  Expenses:Food:Restaurant                          27.82 USD

2023-05-16 * "Uncle Boons" "Eating out "
  Liabilities:US:Chase:Slate                       -69.38 USD
  Expenses:Food:Restaurant                          69.38 USD

2023-05-21 * "Chichipotle" "Eating out alone"
  Liabilities:US:Chase:Slate                       -21.86 USD
  Expenses:Food:Restaurant                          21.86 USD

2023-05-26 * "Cafe Modagor" "Eating out with Joe"
  Liabilities:US:Chase:Slate                       -39.68 USD
  Expenses:Food:Restaurant                          39.68 USD

2023-05-29 * "Onion Market" "Buying groceries"
  Liabilities:US:Chase:Slate                       -72.09 USD
  Expenses:Food:Groceries                           72.09 USD

2023-05-30 * "Metro Transport Authority" "Tram tickets"
  Liabilities:US:Chase:Slate                      -120.00 USD
  Expenses:Transport:Tram                          120.00 USD

2023-05-31 * "China Garden" "Eating out alone"
  Liabilities:US:Chase:Slate                       -31.35 USD
  Expenses:Food:Restaurant                          31.35 USD

2023-06-03 balance Liabilities:US:Chase:Slate    -1285.81 USD

2023-06-05 * "China Garden" "Eating out after work"
  Liabilities:US:Chase:Slate                       -35.47 USD
  Expenses:Food:Restaurant                          35.47 USD

2023-06-06 * "Kin Soy" "Eating out with Natasha"
  Liabilities:US:Chase:Slate                       -16.23 USD
  Expenses:Food:Restaurant                          16.23 USD

2023-06-09 * "China Garden" "Eating out with Bill"
  Liabilities:US:Chase:Slate                       -44.26 USD
  Expenses:Food:Restaurant                          44.26 USD

2023-06-11 * "Goba Goba" "Eating out with Bill"
  Liabilities:US:Chase:Slate                       -36.28 USD
  Expenses:Food:Restaurant                          36.28 USD

2023-06-11 * "Chase:Slate" "Paying off credit card"
  Liabilities:US:Chase:Slate                       514.42 USD
  Assets:US:BofA:Checking                         -514.42 USD

2023-06-14 * "Corner Deli" "Buying groceries"
  Liabilities:US:Chase:Slate                       -53.60 USD
  Expenses:Food:Groceries                           53.60 USD

2023-06-15 * "Jewel of Morroco" "Eating out with work buddies"
  Liabilities:US:Chase:Slate                       -16.31 USD
  Expenses:Food:Restaurant                          16.31 USD

2023-06-17 * "China Garden" "Eating out "
  Liabilities:US:Chase:Slate                       -22.42 USD
  Expenses:Food:Restaurant                          22.42 USD

2023-06-19 * "Good Moods Market" "Buying groceries"
  Liabilities:US:Chase:Slate                       -63.58 USD
  Expenses:Food:Groceries                           63.58 USD

2023-06-21 * "Chichipotle" "Eating out with work buddies"
  Liabilities:US:Chase:Slate                       -25.86 USD
  Expenses:Food:Restaurant                          25.86 USD

2023-06-25 balance Liabilities:US:Chase:Slate    -1085.40 USD

2023-06-26 * "Chichipotle" "Eating out with Bill"
  Liabilities:US:Chase:Slate                       -33.53 USD
  Expenses:Food:Restaurant                          33.53 USD

2023-06-29 * "Chichipotle" "Eating out "
  Liabilities:US:Chase:Slate                       -31.59 USD
  Expenses:Food:Restaurant                          31.59 USD

2023-06-30 * "Chichipotle" "Eating out with Julie"
  Liabilities:US:Chase:Slate                       -20.09 USD
  Expenses:Food:Restaurant                          20.09 USD

2023-07-01 * "Cafe Modagor" "Eating out with work buddies"
  Liabilities:US:Chase:Slate                       -35.39 USD
  Expenses:Food:Restaurant                          35.39 USD

2023-07-02 * "Metro Transport Authority" "Tram tickets"
  Liabilities:US:Chase:Slate                      -120.00 USD
  Expenses:Transport:Tram                          120.00 USD

2023-07-06 * "China Garden" "Eating out "
  Liabilities:US:Chase:Slate                       -35.42 USD
  Expenses:Food:Restaurant                          35.42 USD

2023-07-07 * "Onion Market" "Buying groceries"
  Liabilities:US:Chase:Slate                      -100.66 USD
  Expenses:Food:Groceries                          100.66 USD

2023-07-07 * "Chase:Slate" "Paying off credit card"
  Liabilities:US:Chase:Slate                       558.45 USD
  Assets:US:BofA:Checking                         -558.45 USD

2023-07-08 * "Cafe Modagor" "Eating out with work buddies"
  Liabilities:US:Chase:Slate                       -23.06 USD
  Expenses:Food:Restaurant                          23.06 USD

2023-07-10 * "Rose Flower" "Eating out "
  Liabilities:US:Chase:Slate                       -37.06 USD
  Expenses:Food:Restaurant                          37.06 USD

2023-07-14 * "Cafe Modagor" "Eating out "
  Liabilities:US:Chase:Slate                       -19.95 USD
  Expenses:Food:Restaurant                          19.95 USD

2023-07-15 balance Liabilities:US:Chase:Slate     -983.70 USD

2023-07-17 * "Kin Soy" "Eating out alone"
  Liabilities:US:Chase:Slate                       -18.57 USD
  Expenses:Food:Restaurant                          18.57 USD

2023-07-21 * "Jewel of Morroco" "Eating out after work"
  Liabilities:US:Chase:Slate                       -48.62 USD
  Expenses:Food:Restaurant                          48.62 USD

2023-07-23 * "Goba Goba" "Eating out alone"
  Liabilities:US:Chase:Slate                       -29.55 USD
  Expenses:Food:Restaurant                          29.55 USD

2023-07-24 * "Chichipotle" "Eating out alone"
  Liabilities:US:Chase:Slate                       -48.54 USD
  Expenses:Food:Restaurant                          48.54 USD

2023-07-26 event "location" "Chicago"

2023-07-27 * "Eataly Chicago" "" #trip-chicago-2023
  Liabilities:US:Chase:Slate                       -35.69 USD
  Expenses:Food:Restaurant                          35.69 USD

2023-07-27 * "Argo Tea" "" #trip-chicago-2023
  Liabilities:US:Chase:Slate                        -6.07 USD
  Expenses:Food:Coffee                               6.07 USD

2023-07-28 * "Mercadito" "" #trip-chicago-2023
  Liabilities:US:Chase:Slate                       -47.94 USD
  Expenses:Food:Restaurant                          47.94 USD

2023-07-28 * "25 Degrees Burger Bar" "" #trip-chicago-2023
  Liabilities:US:Chase:Slate                       -25.87 USD
  Expenses:Food:Restaurant                          25.87 USD

2023-07-28 * "Another Sports Pub" "" #trip-chicago-2023
  Liabilities:US:Chase:Slate                       -10.59 USD
  Expenses:Food:Alcohol                             10.59 USD

2023-07-28 * "Argo Tea" "" #trip-chicago-2023
  Liabilities:US:Chase:Slate                        -6.92 USD
  Expenses:Food:Coffee                               6.92 USD

2023-07-29 * "Star of Siam" "" #trip-chicago-2023
  Liabilities:US:Chase:Slate                       -21.66 USD
  Expenses:Food:Restaurant                          21.66 USD

2023-07-29 * "25 Degrees Burger Bar" "" #trip-chicago-2023
  Liabilities:US:Chase:Slate                       -20.46 USD
  Expenses:Food:Restaurant                          20.46 USD

2023-07-31 * "Mercadito" "" #trip-chicago-2023
  Liabilities:US:Chase:Slate                       -41.99 USD
  Expenses:Food:Restaurant                          41.99 USD

2023-08-01 * "Eataly Chicago" "" #trip-chicago-2023
  Liabilities:US:Chase:Slate                       -31.88 USD
  Expenses:Food:Restaurant                          31.88 USD

2023-08-02 * "25 Degrees Burger Bar" "" #trip-chicago-2023
  Liabilities:US:Chase:Slate                       -21.06 USD
  Expenses:Food:Restaurant                          21.06 USD

2023-08-02 * "Eataly Chicago" "" #trip-chicago-2023
  Liabilities:US:Chase:Slate                       -38.25 USD
  Expenses:Food:Restaurant                          38.25 USD

2023-08-02 * "Argo Tea" "" #trip-chicago-2023
  Liabilities:US:Chase:Slate                        -6.33 USD
  Expenses:Food:Coffee                               6.33 USD

2023-08-03 * "Argo Tea" "" #trip-chicago-2023
  Liabilities:US:Chase:Slate                        -6.67 USD
  Expenses:Food:Coffee                               6.67 USD

2023-08-04 * "Eataly Chicago" "" #trip-chicago-2023
  Liabilities:US:Chase:Slate                       -40.94 USD
  Expenses:Food:Restaurant                          40.94 USD

2023-08-04 * "Argo Tea" "" #trip-chicago-2023
  Liabilities:US:Chase:Slate                        -6.50 USD
  Expenses:Food:Coffee                               6.50 USD

2023-08-05 balance Liabilities:US:Chase:Slate    -1497.80 USD

2023-08-05 * "Argo Tea" "" #trip-chicago-2023
  Liabilities:US:Chase:Slate                        -6.44 USD
  Expenses:Food:Coffee                               6.44 USD

2023-08-06 * "Star of Siam" "" #trip-chicago-2023
  Liabilities:US:Chase:Slate                       -24.28 USD
  Expenses:Food:Restaurant                          24.28 USD

2023-08-06 * "25 Degrees Burger Bar" "" #trip-chicago-2023
  Liabilities:US:Chase:Slate                       -21.53 USD
  Expenses:Food:Restaurant                          21.53 USD

2023-08-08 * "Mercadito" "" #trip-chicago-2023
  Liabilities:US:Chase:Slate                       -46.77 USD
  Expenses:Food:Restaurant                          46.77 USD

2023-08-08 * "Eataly Chicago" "" #trip-chicago-2023
  Liabilities:US:Chase:Slate                       -30.97 USD
  Expenses:Food:Restaurant                          30.97 USD

2023-08-08 * "Chase:Slate" "Paying off credit card"
  Liabilities:US:Chase:Slate                       312.14 USD
  Assets:US:BofA:Checking                         -312.14 USD

2023-08-09 * "Mercadito" "" #trip-chicago-2023
  Liabilities:US:Chase:Slate                       -33.18 USD
  Expenses:Food:Restaurant                          33.18 USD

2023-08-09 * "Eataly Chicago" "" #trip-chicago-2023
  Liabilities:US:Chase:Slate                       -51.93 USD
  Expenses:Food:Restaurant                          51.93 USD

2023-08-10 * "Star of Siam" "" #trip-chicago-2023
  Liabilities:US:Chase:Slate                       -31.17 USD
  Expenses:Food:Restaurant                          31.17 USD

2023-08-10 * "25 Degrees Burger Bar" "" #trip-chicago-2023
  Liabilities:US:Chase:Slate                       -23.62 USD
  Expenses:Food:Restaurant                          23.62 USD

2023-08-10 * "Another Sports Pub" "" #trip-chicago-2023
  Liabilities:US:Chase:Slate                        -7.07 USD
  Expenses:Food:Alcohol                              7.07 USD

2023-08-12 * "Mercadito" "" #trip-chicago-2023
  Liabilities:US:Chase:Slate                       -45.07 USD
  Expenses:Food:Restaurant                          45.07 USD

2023-08-12 * "Consume vacation days"
  Assets:US:Babble:Vacation                          -136 VACHR
  Expenses:Vacation                                   136 VACHR

2023-08-12 event "location" "New Metropolis"

2023-08-13 * "Corner Deli" "Buying groceries"
  Liabilities:US:Chase:Slate                       -86.79 USD
  Expenses:Food:Groceries                           86.79 USD

2023-08-14 * "Chichipotle" "Eating out with Julie"
  Liabilities:US:Chase:Slate                       -42.57 USD
  Expenses:Food:Restaurant                          42.57 USD

2023-08-15 * "Kin Soy" "Eating out with Natasha"
  Liabilities:US:Chase:Slate                       -31.66 USD
  Expenses:Food:Restaurant                          31.66 USD

2023-08-19 * "Chichipotle" "Eating out with Natasha"
  Liabilities:US:Chase:Slate                        -8.65 USD
  Expenses:Food:Restaurant                           8.65 USD

2023-08-20 * "Uncle Boons" "Eating out with Bill"
  Liabilities:US:Chase:Slate                       -81.32 USD
  Expenses:Food:Restaurant                          81.32 USD

2023-08-23 * "Cafe Modagor" "Eating out with Natasha"
  Liabilities:US:Chase:Slate                       -40.92 USD
  Expenses:Food:Restaurant                          40.92 USD

2023-08-23 * "Farmer Fresh" "Buying groceries"
  Liabilities:US:Chase:Slate                       -92.54 USD
  Expenses:Food:Groceries                           92.54 USD

2023-08-24 * "Cafe Modagor" "Eating out after work"
  Liabilities:US:Chase:Slate                       -54.88 USD
  Expenses:Food:Restaurant                          54.88 USD

2023-08-26 * "Chichipotle" "Eating out with Natasha"
  Liabilities:US:Chase:Slate                       -33.68 USD
  Expenses:Food:Restaurant                          33.68 USD

2023-08-31 * "Jewel of Morroco" "Eating out with Joe"
  Liabilities:US:Chase:Slate                       -35.17 USD
  Expenses:Food:Restaurant                          35.17 USD

2023-09-01 balance Liabilities:US:Chase:Slate    -2015.87 USD

2023-09-02 * "Cafe Modagor" "Eating out with Natasha"
  Liabilities:US:Chase:Slate                       -31.70 USD
  Expenses:Food:Restaurant                          31.70 USD

2023-09-03 * "Metro Transport Authority" "Tram tickets"
  Liabilities:US:Chase:Slate                      -120.00 USD
  Expenses:Transport:Tram                          120.00 USD

2023-09-06 * "Jewel of Morroco" "Eating out alone"
  Liabilities:US:Chase:Slate                       -47.27 USD
  Expenses:Food:Restaurant                          47.27 USD

2023-09-07 * "Cafe Modagor" "Eating out with Natasha"
  Liabilities:US:Chase:Slate                       -50.31 USD
  Expenses:Food:Restaurant                          50.31 USD

2023-09-10 * "Chase:Slate" "Paying off credit card"
  Liabilities:US:Chase:Slate                       737.15 USD
  Assets:US:BofA:Checking                         -737.15 USD

2023-09-11 * "Onion Market" "Buying groceries"
  Liabilities:US:Chase:Slate                       -66.48 USD
  Expenses:Food:Groceries                           66.48 USD

2023-09-12 * "Uncle Boons" "Eating out with Joe"
  Liabilities:US:Chase:Slate                       -24.22 USD
  Expenses:Food:Restaurant                          24.22 USD

2023-09-13 * "Uncle Boons" "Eating out with Joe"
  Liabilities:US:Chase:Slate                       -18.22 USD
  Expenses:Food:Restaurant                          18.22 USD

2023-09-15 * "Goba Goba" "Eating out after work"
  Liabilities:US:Chase:Slate                       -44.55 USD
  Expenses:Food:Restaurant                          44.55 USD

2023-09-18 * "China Garden" "Eating out with Bill"
  Liabilities:US:Chase:Slate                       -25.40 USD
  Expenses:Food:Restaurant                          25.40 USD

2023-09-19 * "Goba Goba" "Eating out with Julie"
  Liabilities:US:Chase:Slate                       -41.13 USD
  Expenses:Food:Restaurant                          41.13 USD

2023-09-22 * "Kin Soy" "Eating out after work"
  Liabilities:US:Chase:Slate                       -31.97 USD
  Expenses:Food:Restaurant                          31.97 USD

2023-09-24 * "Kin Soy" "Eating out alone"
  Liabilities:US:Chase:Slate                        -9.78 USD
  Expenses:Food:Restaurant                           9.78 USD

2023-09-25 * "Uncle Boons" "Eating out after work"
  Liabilities:US:Chase:Slate                       -30.28 USD
  Expenses:Food:Restaurant                          30.28 USD

2023-09-25 * "Onion Market" "Buying groceries"
  Liabilities:US:Chase:Slate                       -78.72 USD
  Expenses:Food:Groceries                           78.72 USD

2023-09-26 balance Liabilities:US:Chase:Slate    -1898.75 USD

2023-09-30 * "Jewel of Morroco" "Eating out alone"
  Liabilities:US:Chase:Slate                       -24.39 USD
  Expenses:Food:Restaurant                          24.39 USD

2023-10-03 * "Chichipotle" "Eating out with Julie"
  Liabilities:US:Chase:Slate                       -24.82 USD
  Expenses:Food:Restaurant                          24.82 USD

2023-10-04 * "Chichipotle" "Eating out "
  Liabilities:US:Chase:Slate                       -27.47 USD
  Expenses:Food:Restaurant                          27.47 USD

2023-10-04 * "Metro Transport Authority" "Tram tickets"
  Liabilities:US:Chase:Slate                      -120.00 USD
  Expenses:Transport:Tram                          120.00 USD

2023-10-09 * "Goba Goba" "Eating out alone"
  Liabilities:US:Chase:Slate                       -34.95 USD
  Expenses:Food:Restaurant                          34.95 USD

2023-10-09 * "Chase:Slate" "Paying off credit card"
  Liabilities:US:Chase:Slate                       535.90 USD
  Assets:US:BofA:Checking                         -535.90 USD

2023-10-14 * "Rose Flower" "Eating out with Julie"
  Liabilities:US:Chase:Slate                       -18.76 USD
  Expenses:Food:Restaurant                          18.76 USD

2023-10-14 * "Onion Market" "Buying groceries"
  Liabilities:US:Chase:Slate                       -39.37 USD
  Expenses:Food:Groceries                           39.37 USD

2023-10-18 * "Chichipotle" "Eating out with work buddies"
  Liabilities:US:Chase:Slate                       -62.66 USD
  Expenses:Food:Restaurant                          62.66 USD

2023-10-19 * "Corner Deli" "Buying groceries"
  Liabilities:US:Chase:Slate                       -79.62 USD
  Expenses:Food:Groceries                           79.62 USD

2023-10-20 * "Chichipotle" "Eating out with Bill"
  Liabilities:US:Chase:Slate                       -20.72 USD
  Expenses:Food:Restaurant                          20.72 USD

2023-10-22 balance Liabilities:US:Chase:Slate    -1815.61 USD

2023-10-23 * "Chichipotle" "Eating out "
  Liabilities:US:Chase:Slate                       -31.50 USD
  Expenses:Food:Restaurant                          31.50 USD

2023-10-28 * "Cafe Modagor" "Eating out with work buddies"
  Liabilities:US:Chase:Slate                       -14.90 USD
  Expenses:Food:Restaurant                          14.90 USD

2023-10-30 * "Good Moods Market" "Buying groceries"
  Liabilities:US:Chase:Slate                       -58.48 USD
  Expenses:Food:Groceries                           58.48 USD

2023-11-01 * "Jewel of Morroco" "Eating out with Joe"
  Liabilities:US:Chase:Slate                       -29.49 USD
  Expenses:Food:Restaurant                          29.49 USD

2023-11-02 * "Metro Transport Authority" "Tram tickets"
  Liabilities:US:Chase:Slate                      -120.00 USD
  Expenses:Transport:Tram                          120.00 USD

2023-11-06 * "Goba Goba" "Eating out with Natasha"
  Liabilities:US:Chase:Slate                       -56.10 USD
  Expenses:Food:Restaurant                          56.10 USD

2023-11-10 * "Chase:Slate" "Paying off credit card"
  Liabilities:US:Chase:Slate                       550.27 USD
  Assets:US:BofA:Checking                         -550.27 USD

2023-11-11 * "Kin Soy" "Eating out with work buddies"
  Liabilities:US:Chase:Slate                       -18.67 USD
  Expenses:Food:Restaurant                          18.67 USD

2023-11-12 * "Chichipotle" "Eating out with work buddies"
  Liabilities:US:Chase:Slate                       -24.42 USD
  Expenses:Food:Restaurant                          24.42 USD

2023-11-13 balance Liabilities:US:Chase:Slate    -1618.90 USD

2023-11-13 * "Rose Flower" "Eating out with Joe"
  Liabilities:US:Chase:Slate                       -31.16 USD
  Expenses:Food:Restaurant                          31.16 USD

2023-11-16 * "Kin Soy" "Eating out with Julie"
  Liabilities:US:Chase:Slate                       -26.63 USD
  Expenses:Food:Restaurant                          26.63 USD

2023-11-16 * "Good Moods Market" "Buying groceries"
  Liabilities:US:Chase:Slate                      -101.44 USD
  Expenses:Food:Groceries                          101.44 USD

2023-11-21 * "Cafe Modagor" "Eating out with Joe"
  Liabilities:US:Chase:Slate                       -20.14 USD
  Expenses:Food:Restaurant                          20.14 USD

2023-11-25 * "China Garden" "Eating out alone"
  Liabilities:US:Chase:Slate                       -50.69 USD
  Expenses:Food:Restaurant                          50.69 USD

2023-11-25 * "Corner Deli" "Buying groceries"
  Liabilities:US:Chase:Slate                       -50.53 USD
  Expenses:Food:Groceries                           50.53 USD

2023-11-28 * "Kin Soy" "Eating out after work"
  Liabilities:US:Chase:Slate                       -47.40 USD
  Expenses:Food:Restaurant                          47.40 USD

2023-12-02 * "Metro Transport Authority" "Tram tickets"
  Liabilities:US:Chase:Slate                      -120.00 USD
  Expenses:Transport:Tram                          120.00 USD

2023-12-03 * "Kin Soy" "Eating out with Bill"
  Liabilities:US:Chase:Slate                       -37.96 USD
  Expenses:Food:Restaurant                          37.96 USD

2023-12-06 * "Chichipotle" "Eating out "
  Liabilities:US:Chase:Slate                       -23.12 USD
  Expenses:Food:Restaurant                          23.12 USD

2023-12-07 * "Onion Market" "Buying groceries"
  Liabilities:US:Chase:Slate                       -72.65 USD
  Expenses:Food:Groceries                           72.65 USD

2023-12-07 * "Chase:Slate" "Paying off credit card"
  Liabilities:US:Chase:Slate                       606.14 USD
  Assets:US:BofA:Checking                         -606.14 USD

2023-12-08 * "Chichipotle" "Eating out with Bill"
  Liabilities:US:Chase:Slate                       -43.93 USD
  Expenses:Food:Restaurant                          43.93 USD

2023-12-11 * "Chichipotle" "Eating out with Natasha"
  Liabilities:US:Chase:Slate                       -36.76 USD
  Expenses:Food:Restaurant                          36.76 USD

2023-12-12 balance Liabilities:US:Chase:Slate    -1675.17 USD

2023-12-13 * "China Garden" "Eating out with work buddies"
  Liabilities:US:Chase:Slate                       -63.01 USD
  Expenses:Food:Restaurant                          63.01 USD

2023-12-15 * "Farmer Fresh" "Buying groceries"
  Liabilities:US:Chase:Slate                       -70.77 USD
  Expenses:Food:Groceries                           70.77 USD

2023-12-18 * "Chichipotle" "Eating out with Bill"
  Liabilities:US:Chase:Slate                       -15.86 USD
  Expenses:Food:Restaurant                          15.86 USD

2023-12-23 * "China Garden" "Eating out with Joe"
  Liabilities:US:Chase:Slate                       -81.57 USD
  Expenses:Food:Restaurant                          81.57 USD

2023-12-26 * "Farmer Fresh" "Buying groceries"
  Liabilities:US:Chase:Slate                       -65.03 USD
  Expenses:Food:Groceries                           65.03 USD

2023-12-28 * "China Garden" "Eating out "
  Liabilities:US:Chase:Slate                       -27.73 USD
  Expenses:Food:Restaurant                          27.73 USD

2023-12-30 * "Jewel of Morroco" "Eating out with Joe"
  Liabilities:US:Chase:Slate                       -52.02 USD
  Expenses:Food:Restaurant                          52.02 USD

2024-01-03 * "Corner Deli" "Buying groceries"
  Liabilities:US:Chase:Slate                      -100.06 USD
  Expenses:Food:Groceries                          100.06 USD

2024-01-03 * "Metro Transport Authority" "Tram tickets"
  Liabilities:US:Chase:Slate                      -120.00 USD
  Expenses:Transport:Tram                          120.00 USD

2024-01-04 * "Rose Flower" "Eating out alone"
  Liabilities:US:Chase:Slate                       -22.16 USD
  Expenses:Food:Restaurant                          22.16 USD

2024-01-07 balance Liabilities:US:Chase:Slate    -2293.38 USD

2024-01-07 * "Rose Flower" "Eating out "
  Liabilities:US:Chase:Slate                       -38.49 USD
  Expenses:Food:Restaurant                          38.49 USD

2024-01-10 * "Chase:Slate" "Paying off credit card"
  Liabilities:US:Chase:Slate                       773.35 USD
  Assets:US:BofA:Checking                         -773.35 USD

2024-01-12 * "Chichipotle" "Eating out "
  Liabilities:US:Chase:Slate                       -35.96 USD
  Expenses:Food:Restaurant                          35.96 USD

2024-01-13 * "Chichipotle" "Eating out with Bill"
  Liabilities:US:Chase:Slate                       -27.49 USD
  Expenses:Food:Restaurant                          27.49 USD

2024-01-15 * "Jewel of Morroco" "Eating out with Bill"
  Liabilities:US:Chase:Slate                       -49.31 USD
  Expenses:Food:Restaurant                          49.31 USD

2024-01-19 * "Kin Soy" "Eating out with Joe"
  Liabilities:US:Chase:Slate                       -30.25 USD
  Expenses:Food:Restaurant                          30.25 USD

2024-01-20 * "China Garden" "Eating out with work buddies"
  Liabilities:US:Chase:Slate                       -32.95 USD
  Expenses:Food:Restaurant                          32.95 USD

2024-01-23 * "Corner Deli" "Buying groceries"
  Liabilities:US:Chase:Slate                       -87.38 USD
  Expenses:Food:Groceries                           87.38 USD

2024-01-25 * "Chichipotle" "Eating out after work"
  Liabilities:US:Chase:Slate                       -33.55 USD
  Expenses:Food:Restaurant                          33.55 USD

2024-01-27 * "Goba Goba" "Eating out after work"
  Liabilities:US:Chase:Slate                       -32.89 USD
  Expenses:Food:Restaurant                          32.89 USD

2024-01-29 * "China Garden" "Eating out with Bill"
  Liabilities:US:Chase:Slate                       -18.44 USD
  Expenses:Food:Restaurant                          18.44 USD

2024-02-02 balance Liabilities:US:Chase:Slate    -1906.74 USD

2024-02-02 * "Rose Flower" "Eating out with Joe"
  Liabilities:US:Chase:Slate                       -23.51 USD
  Expenses:Food:Restaurant                          23.51 USD

2024-02-04 * "Goba Goba" "Eating out with Bill"
  Liabilities:US:Chase:Slate                       -50.11 USD
  Expenses:Food:Restaurant                          50.11 USD

2024-02-04 * "Metro Transport Authority" "Tram tickets"
  Liabilities:US:Chase:Slate                      -120.00 USD
  Expenses:Transport:Tram                          120.00 USD

2024-02-07 * "Chase:Slate" "Paying off credit card"
  Liabilities:US:Chase:Slate                       587.96 USD
  Assets:US:BofA:Checking                         -587.96 USD

2024-02-08 * "Onion Market" "Buying groceries"
  Liabilities:US:Chase:Slate                       -82.08 USD
  Expenses:Food:Groceries                           82.08 USD

2024-02-09 * "Rose Flower" "Eating out alone"
  Liabilities:US:Chase:Slate                       -48.64 USD
  Expenses:Food:Restaurant                          48.64 USD

2024-02-13 * "Chichipotle" "Eating out after work"
  Liabilities:US:Chase:Slate                       -26.93 USD
  Expenses:Food:Restaurant                          26.93 USD

2024-02-13 * "Corner Deli" "Buying groceries"
  Liabilities:US:Chase:Slate                      -103.88 USD
  Expenses:Food:Groceries                          103.88 USD

2024-02-17 * "Goba Goba" "Eating out with work buddies"
  Liabilities:US:Chase:Slate                       -26.35 USD
  Expenses:Food:Restaurant                          26.35 USD

2024-02-18 * "Jewel of Morroco" "Eating out after work"
  Liabilities:US:Chase:Slate                       -16.75 USD
  Expenses:Food:Restaurant                          16.75 USD

2024-02-19 * "Good Moods Market" "Buying groceries"
  Liabilities:US:Chase:Slate                       -86.79 USD
  Expenses:Food:Groceries                           86.79 USD

2024-02-21 * "Jewel of Morroco" "Eating out "
  Liabilities:US:Chase:Slate                       -48.23 USD
  Expenses:Food:Restaurant                          48.23 USD

2024-02-23 * "Goba Goba" "Eating out alone"
  Liabilities:US:Chase:Slate                       -21.62 USD
  Expenses:Food:Restaurant                          21.62 USD

2024-02-26 * "Goba Goba" "Eating out with work buddies"
  Liabilities:US:Chase:Slate                       -30.66 USD
  Expenses:Food:Restaurant                          30.66 USD

2024-03-01 * "Farmer Fresh" "Buying groceries"
  Liabilities:US:Chase:Slate                      -104.23 USD
  Expenses:Food:Groceries                          104.23 USD

2024-03-02 * "Rose Flower" "Eating out after work"
  Liabilities:US:Chase:Slate                       -27.77 USD
  Expenses:Food:Restaurant                          27.77 USD

2024-03-03 balance Liabilities:US:Chase:Slate    -2136.33 USD

2024-03-04 * "Metro Transport Authority" "Tram tickets"
  Liabilities:US:Chase:Slate                      -120.00 USD
  Expenses:Transport:Tram                          120.00 USD

2024-03-07 * "Cafe Modagor" "Eating out with Joe"
  Liabilities:US:Chase:Slate                       -18.58 USD
  Expenses:Food:Restaurant                          18.58 USD

2024-03-09 * "Rose Flower" "Eating out with Bill"
  Liabilities:US:Chase:Slate                       -31.07 USD
  Expenses:Food:Restaurant                          31.07 USD

2024-03-09 * "Chase:Slate" "Paying off credit card"
  Liabilities:US:Chase:Slate                       711.50 USD
  Assets:US:BofA:Checking                         -711.50 USD

2024-03-11 * "Cafe Modagor" "Eating out "
  Liabilities:US:Chase:Slate                       -32.17 USD
  Expenses:Food:Restaurant                          32.17 USD

2024-03-16 * "China Garden" "Eating out with Joe"
  Liabilities:US:Chase:Slate                       -23.53 USD
  Expenses:Food:Restaurant                          23.53 USD

2024-03-19 * "Goba Goba" "Eating out with Julie"
  Liabilities:US:Chase:Slate                       -45.93 USD
  Expenses:Food:Restaurant                          45.93 USD

2024-03-21 * "Kin Soy" "Eating out with work buddies"
  Liabilities:US:Chase:Slate                       -20.05 USD
  Expenses:Food:Restaurant                          20.05 USD

2024-03-21 * "Corner Deli" "Buying groceries"
  Liabilities:US:Chase:Slate                       -88.23 USD
  Expenses:Food:Groceries                           88.23 USD

2024-03-24 * "Uncle Boons" "Eating out with work buddies"
  Liabilities:US:Chase:Slate                       -29.57 USD
  Expenses:Food:Restaurant                          29.57 USD

2024-03-26 * "Uncle Boons" "Eating out with Natasha"
  Liabilities:US:Chase:Slate                       -23.35 USD
  Expenses:Food:Restaurant                          23.35 USD

2024-03-27 * "Onion Market" "Buying groceries"
  Liabilities:US:Chase:Slate                      -131.57 USD
  Expenses:Food:Groceries                          131.57 USD

2024-03-31 * "Cafe Modagor" "Eating out "
  Liabilities:US:Chase:Slate                       -15.27 USD
  Expenses:Food:Restaurant                          15.27 USD

2024-04-01 * "Metro Transport Authority" "Tram tickets"
  Liabilities:US:Chase:Slate                      -120.00 USD
  Expenses:Transport:Tram                          120.00 USD

2024-04-02 balance Liabilities:US:Chase:Slate    -2124.15 USD

2024-04-03 * "Chichipotle" "Eating out with Bill"
  Liabilities:US:Chase:Slate                       -23.95 USD
  Expenses:Food:Restaurant                          23.95 USD

2024-04-05 * "Jewel of Morroco" "Eating out with Bill"
  Liabilities:US:Chase:Slate                       -20.66 USD
  Expenses:Food:Restaurant                          20.66 USD

2024-04-08 * "Farmer Fresh" "Buying groceries"
  Liabilities:US:Chase:Slate                       -87.39 USD
  Expenses:Food:Groceries                           87.39 USD

2024-04-09 * "China Garden" "Eating out with work buddies"
  Liabilities:US:Chase:Slate                       -37.10 USD
  Expenses:Food:Restaurant                          37.10 USD

2024-04-09 * "Chase:Slate" "Paying off credit card"
  Liabilities:US:Chase:Slate                       698.77 USD
  Assets:US:BofA:Checking                         -698.77 USD

2024-04-14 * "China Garden" "Eating out with Joe"
  Liabilities:US:Chase:Slate                       -45.11 USD
  Expenses:Food:Restaurant                          45.11 USD

2024-04-14 * "Good Moods Market" "Buying groceries"
  Liabilities:US:Chase:Slate                      -162.25 USD
  Expenses:Food:Groceries                          162.25 USD

2024-04-15 * "Kin Soy" "Eating out with Natasha"
  Liabilities:US:Chase:Slate                       -57.58 USD
  Expenses:Food:Restaurant                          57.58 USD

2024-04-17 * "Goba Goba" "Eating out with Bill"
  Liabilities:US:Chase:Slate                       -38.20 USD
  Expenses:Food:Restaurant                          38.20 USD

2024-04-19 * "China Garden" "Eating out with Natasha"
  Liabilities:US:Chase:Slate                       -18.81 USD
  Expenses:Food:Restaurant                          18.81 USD

2024-04-22 * "Rose Flower" "Eating out with Joe"
  Liabilities:US:Chase:Slate                       -14.23 USD
  Expenses:Food:Restaurant                          14.23 USD

2024-04-23 * "Uncle Boons" "Eating out alone"
  Liabilities:US:Chase:Slate                       -51.87 USD
  Expenses:Food:Restaurant                          51.87 USD

2024-04-23 * "Onion Market" "Buying groceries"
  Liabilities:US:Chase:Slate                       -90.27 USD
  Expenses:Food:Groceries                           90.27 USD

2024-04-27 * "Jewel of Morroco" "Eating out alone"
  Liabilities:US:Chase:Slate                       -18.92 USD
  Expenses:Food:Restaurant                          18.92 USD

2024-04-28 * "Metro Transport Authority" "Tram tickets"
  Liabilities:US:Chase:Slate                      -120.00 USD
  Expenses:Transport:Tram                          120.00 USD

2024-04-29 balance Liabilities:US:Chase:Slate    -2211.72 USD

2024-04-29 * "China Garden" "Eating out after work"
  Liabilities:US:Chase:Slate                       -43.53 USD
  Expenses:Food:Restaurant                          43.53 USD

2024-04-30 * "Rose Flower" "Eating out with Bill"
  Liabilities:US:Chase:Slate                       -36.73 USD
  Expenses:Food:Restaurant                          36.73 USD

2024-04-30 * "Onion Market" "Buying groceries"
  Liabilities:US:Chase:Slate                       -56.53 USD
  Expenses:Food:Groceries                           56.53 USD

2024-05-04 * "Jewel of Morroco" "Eating out with Joe"
  Liabilities:US:Chase:Slate                       -19.68 USD
  Expenses:Food:Restaurant                          19.68 USD

2024-05-06 * "China Garden" "Eating out with Bill"
  Liabilities:US:Chase:Slate                       -34.53 USD
  Expenses:Food:Restaurant                          34.53 USD

2024-05-07 * "Kin Soy" "Eating out "
  Liabilities:US:Chase:Slate                       -19.39 USD
  Expenses:Food:Restaurant                          19.39 USD

2024-05-09 * "Cafe Modagor" "Eating out "
  Liabilities:US:Chase:Slate                       -21.97 USD
  Expenses:Food:Restaurant                          21.97 USD

2024-05-10 * "China Garden" "Eating out after work"
  Liabilities:US:Chase:Slate                       -44.55 USD
  Expenses:Food:Restaurant                          44.55 USD

2024-05-10 * "Chase:Slate" "Paying off credit card"
  Liabilities:US:Chase:Slate                       894.15 USD
  Assets:US:BofA:Checking                         -894.15 USD

2024-05-13 * "Jewel of Morroco" "Eating out with work buddies"
  Liabilities:US:Chase:Slate                       -11.71 USD
  Expenses:Food:Restaurant                          11.71 USD

2024-05-14 * "Uncle Boons" "Eating out alone"
  Liabilities:US:Chase:Slate                       -23.78 USD
  Expenses:Food:Restaurant                          23.78 USD

2024-05-14 * "Onion Market" "Buying groceries"
  Liabilities:US:Chase:Slate                      -137.26 USD
  Expenses:Food:Groceries                          137.26 USD

2024-05-15 * "Goba Goba" "Eating out with Natasha"
  Liabilities:US:Chase:Slate                       -63.36 USD
  Expenses:Food:Restaurant                          63.36 USD

2024-05-20 * "Kin Soy" "Eating out with work buddies"
  Liabilities:US:Chase:Slate                       -17.00 USD
  Expenses:Food:Restaurant                          17.00 USD

2024-05-22 * "Chichipotle" "Eating out alone"
  Liabilities:US:Chase:Slate                       -26.02 USD
  Expenses:Food:Restaurant                          26.02 USD

2024-05-23 * "Kin Soy" "Eating out "
  Liabilities:US:Chase:Slate                       -21.47 USD
  Expenses:Food:Restaurant                          21.47 USD

2024-05-25 * "Jewel of Morroco" "Eating out alone"
  Liabilities:US:Chase:Slate                       -24.90 USD
  Expenses:Food:Restaurant                          24.90 USD

2024-05-25 * "Metro Transport Authority" "Tram tickets"
  Liabilities:US:Chase:Slate                      -120.00 USD
  Expenses:Transport:Tram                          120.00 USD

2024-05-26 balance Liabilities:US:Chase:Slate    -2039.98 USD

2024-05-28 * "Rose Flower" "Eating out with Julie"
  Liabilities:US:Chase:Slate                       -19.25 USD
  Expenses:Food:Restaurant                          19.25 USD

2024-05-29 * "Onion Market" "Buying groceries"
  Liabilities:US:Chase:Slate                       -97.91 USD
  Expenses:Food:Groceries                           97.91 USD

2024-06-01 * "Goba Goba" "Eating out alone"
  Liabilities:US:Chase:Slate                       -29.46 USD
  Expenses:Food:Restaurant                          29.46 USD

2024-06-05 * "Goba Goba" "Eating out with Julie"
  Liabilities:US:Chase:Slate                       -32.87 USD
  Expenses:Food:Restaurant                          32.87 USD

2024-06-07 * "Rose Flower" "Eating out with Julie"
  Liabilities:US:Chase:Slate                       -38.74 USD
  Expenses:Food:Restaurant                          38.74 USD

2024-06-09 * "Chase:Slate" "Paying off credit card"
  Liabilities:US:Chase:Slate                       701.26 USD
  Assets:US:BofA:Checking                         -701.26 USD

2024-06-12 * "Chichipotle" "Eating out with Julie"
  Liabilities:US:Chase:Slate                       -37.53 USD
  Expenses:Food:Restaurant                          37.53 USD

2024-06-14 * "Kin Soy" "Eating out with Julie"
  Liabilities:US:Chase:Slate                       -19.95 USD
  Expenses:Food:Restaurant                          19.95 USD

2024-06-14 * "Corner Deli" "Buying groceries"
  Liabilities:US:Chase:Slate                       -84.66 USD
  Expenses:Food:Groceries                           84.66 USD

2024-06-17 balance Liabilities:US:Chase:Slate    -1699.09 USD

2024-06-18 * "Rose Flower" "Eating out alone"
  Liabilities:US:Chase:Slate                       -18.93 USD
  Expenses:Food:Restaurant                          18.93 USD

2024-06-21 * "Good Moods Market" "Buying groceries"
  Liabilities:US:Chase:Slate                       -64.18 USD
  Expenses:Food:Groceries                           64.18 USD

2024-06-23 * "China Garden" "Eating out with Bill"
  Liabilities:US:Chase:Slate                       -13.95 USD
  Expenses:Food:Restaurant                          13.95 USD

2024-06-27 * "Goba Goba" "Eating out with Joe"
  Liabilities:US:Chase:Slate                       -13.78 USD
  Expenses:Food:Restaurant                          13.78 USD

2024-06-27 * "Metro Transport Authority" "Tram tickets"
  Liabilities:US:Chase:Slate                      -120.00 USD
  Expenses:Transport:Tram                          120.00 USD

2024-06-28 * "Good Moods Market" "Buying groceries"
  Liabilities:US:Chase:Slate                       -59.53 USD
  Expenses:Food:Groceries                           59.53 USD

2024-06-30 * "Rose Flower" "Eating out "
  Liabilities:US:Chase:Slate                       -38.25 USD
  Expenses:Food:Restaurant                          38.25 USD

2024-07-02 * "Jewel of Morroco" "Eating out with work buddies"
  Liabilities:US:Chase:Slate                       -27.04 USD
  Expenses:Food:Restaurant                          27.04 USD

2024-07-04 * "Kin Soy" "Eating out with Bill"
  Liabilities:US:Chase:Slate                       -16.13 USD
  Expenses:Food:Restaurant                          16.13 USD

2024-07-08 * "Cafe Modagor" "Eating out with Joe"
  Liabilities:US:Chase:Slate                       -23.72 USD
  Expenses:Food:Restaurant                          23.72 USD

2024-07-08 * "Good Moods Market" "Buying groceries"
  Liabilities:US:Chase:Slate                       -84.60 USD
  Expenses:Food:Groceries                           84.60 USD

2024-07-08 * "Chase:Slate" "Paying off credit card"
  Liabilities:US:Chase:Slate                       500.12 USD
  Assets:US:BofA:Checking                         -500.12 USD

2024-07-09 * "Cafe Modagor" "Eating out alone"
  Liabilities:US:Chase:Slate                       -23.67 USD
  Expenses:Food:Restaurant                          23.67 USD

2024-07-10 balance Liabilities:US:Chase:Slate    -1702.75 USD

2024-07-12 event "location" "Los Angeles"

2024-07-13 * "Banana Leaf" "" #trip-los-angeles-2024
  Liabilities:US:Chase:Slate                       -22.44 USD
  Expenses:Food:Restaurant                          22.44 USD

2024-07-13 * "Pampas Grill" "" #trip-los-angeles-2024
  Liabilities:US:Chase:Slate                       -24.60 USD
  Expenses:Food:Restaurant                          24.60 USD

2024-07-13 * "E.B.'s Beer and Wine" "" #trip-los-angeles-2024
  Liabilities:US:Chase:Slate                        -8.85 USD
  Expenses:Food:Alcohol                              8.85 USD

2024-07-14 * "Mr. Marcel" "" #trip-los-angeles-2024
  Liabilities:US:Chase:Slate                       -34.51 USD
  Expenses:Food:Restaurant                          34.51 USD

2024-07-14 * "Starbucks" "" #trip-los-angeles-2024
  Liabilities:US:Chase:Slate                        -4.72 USD
  Expenses:Food:Coffee                               4.72 USD

2024-07-16 * "Mr. Marcel" "" #trip-los-angeles-2024
  Liabilities:US:Chase:Slate                       -41.77 USD
  Expenses:Food:Restaurant                          41.77 USD

2024-07-16 * "Dupar's" "" #trip-los-angeles-2024
  Liabilities:US:Chase:Slate                       -33.50 USD
  Expenses:Food:Restaurant                          33.50 USD

2024-07-16 * "Pampas Grill" "" #trip-los-angeles-2024
  Liabilities:US:Chase:Slate                       -24.30 USD
  Expenses:Food:Restaurant                          24.30 USD

2024-07-17 * "Pampas Grill" "" #trip-los-angeles-2024
  Liabilities:US:Chase:Slate                       -24.30 USD
  Expenses:Food:Restaurant                          24.30 USD

2024-07-18 * "Banana Leaf" "" #trip-los-angeles-2024
  Liabilities:US:Chase:Slate                       -18.98 USD
  Expenses:Food:Restaurant                          18.98 USD

2024-07-18 * "Chipotle" "" #trip-los-angeles-2024
  Liabilities:US:Chase:Slate                       -16.88 USD
  Expenses:Food:Restaurant                          16.88 USD

2024-07-18 * "E.B.'s Beer and Wine" "" #trip-los-angeles-2024
  Liabilities:US:Chase:Slate                        -6.45 USD
  Expenses:Food:Alcohol                              6.45 USD

2024-07-19 * "Banana Leaf" "" #trip-los-angeles-2024
  Liabilities:US:Chase:Slate                       -25.62 USD
  Expenses:Food:Restaurant                          25.62 USD

2024-07-19 * "Starbucks" "" #trip-los-angeles-2024
  Liabilities:US:Chase:Slate                        -5.66 USD
  Expenses:Food:Coffee                               5.66 USD

2024-07-20 * "Chipotle" "" #trip-los-angeles-2024
  Liabilities:US:Chase:Slate                       -14.92 USD
  Expenses:Food:Restaurant                          14.92 USD

2024-07-21 * "Mr. Marcel" "" #trip-los-angeles-2024
  Liabilities:US:Chase:Slate                       -34.26 USD
  Expenses:Food:Restaurant                          34.26 USD

2024-07-21 * "Dupar's" "" #trip-los-angeles-2024
  Liabilities:US:Chase:Slate                       -33.11 USD
  Expenses:Food:Restaurant                          33.11 USD

2024-07-21 * "Starbucks" "" #trip-los-angeles-2024
  Liabilities:US:Chase:Slate                        -5.88 USD
  Expenses:Food:Coffee                               5.88 USD

2024-07-23 * "China Garden" "Eating out with Julie"
  Liabilities:US:Chase:Slate                       -54.77 USD
  Expenses:Food:Restaurant                          54.77 USD

2024-07-23 * "Mr. Marcel" "" #trip-los-angeles-2024
  Liabilities:US:Chase:Slate                       -33.29 USD
  Expenses:Food:Restaurant                          33.29 USD

2024-07-23 * "Dupar's" "" #trip-los-angeles-2024
  Liabilities:US:Chase:Slate                       -25.86 USD
  Expenses:Food:Restaurant                          25.86 USD

2024-07-23 * "Pampas Grill" "" #trip-los-angeles-2024
  Liabilities:US:Chase:Slate                       -26.99 USD
  Expenses:Food:Restaurant                          26.99 USD

2024-07-23 * "Chipotle" "" #trip-los-angeles-2024
  Liabilities:US:Chase:Slate                       -15.93 USD
  Expenses:Food:Restaurant                          15.93 USD

2024-07-23 * "Starbucks" "" #trip-los-angeles-2024
  Liabilities:US:Chase:Slate                        -5.12 USD
  Expenses:Food:Coffee                               5.12 USD

2024-07-23 * "Consume vacation days"
  Assets:US:Babble:Vacation                           -88 VACHR
  Expenses:Vacation                                    88 VACHR

2024-07-23 event "location" "New Metropolis"

2024-07-25 * "Uncle Boons" "Eating out "
  Liabilities:US:Chase:Slate                       -31.00 USD
  Expenses:Food:Restaurant                          31.00 USD

2024-07-26 * "Metro Transport Authority" "Tram tickets"
  Liabilities:US:Chase:Slate                      -120.00 USD
  Expenses:Transport:Tram                          120.00 USD

2024-07-30 * "Cafe Modagor" "Eating out after work"
  Liabilities:US:Chase:Slate                       -41.85 USD
  Expenses:Food:Restaurant                          41.85 USD

2024-08-02 balance Liabilities:US:Chase:Slate    -2438.31 USD

2024-08-04 * "Cafe Modagor" "Eating out "
  Liabilities:US:Chase:Slate                       -63.13 USD
  Expenses:Food:Restaurant                          63.13 USD

2024-08-06 * "Onion Market" "Buying groceries"
  Liabilities:US:Chase:Slate                       -87.56 USD
  Expenses:Food:Groceries                           87.56 USD

2024-08-08 * "Rose Flower" "Eating out with Natasha"
  Liabilities:US:Chase:Slate                       -31.71 USD
  Expenses:Food:Restaurant                          31.71 USD

2024-08-09 * "Cafe Modagor" "Eating out "
  Liabilities:US:Chase:Slate                       -39.34 USD
  Expenses:Food:Restaurant                          39.34 USD

2024-08-13 * "Cafe Modagor" "Eating out after work"
  Liabilities:US:Chase:Slate                       -41.28 USD
  Expenses:Food:Restaurant                          41.28 USD

2024-08-13 * "Onion Market" "Buying groceries"
  Liabilities:US:Chase:Slate                       -57.00 USD
  Expenses:Food:Groceries                           57.00 USD

2024-08-18 * "China Garden" "Eating out with Julie"
  Liabilities:US:Chase:Slate                       -17.62 USD
  Expenses:Food:Restaurant                          17.62 USD

2024-08-22 * "China Garden" "Eating out alone"
  Liabilities:US:Chase:Slate                       -45.33 USD
  Expenses:Food:Restaurant                          45.33 USD

2024-08-24 * "Cafe Modagor" "Eating out with Julie"
  Liabilities:US:Chase:Slate                       -33.92 USD
  Expenses:Food:Restaurant                          33.92 USD



* Taxable Investments

2022-01-01 open Assets:US:ETrade:Cash                       USD
2022-01-01 open Assets:US:ETrade:ITOT                       ITOT
2022-01-01 open Assets:US:ETrade:VEA                       VEA
2022-01-01 open Assets:US:ETrade:VHT                       VHT
2022-01-01 open Assets:US:ETrade:GLD                       GLD
2022-01-01 open Income:US:ETrade:PnL                        USD
2022-01-01 open Income:US:ETrade:ITOT:Dividend              USD
2022-01-01 open Income:US:ETrade:VEA:Dividend              USD
2022-01-01 open Income:US:ETrade:VHT:Dividend              USD
2022-01-01 open Income:US:ETrade:GLD:Dividend              USD

2022-09-07 * "Buy shares of VHT"
  Assets:US:ETrade:Cash                          -2808.89 USD
  Assets:US:ETrade:VHT                                 13 VHT {215.38 USD, 2022-09-07}
  Expenses:Financial:Commissions                     8.95 USD

2022-09-18 * "Dividends on portfolio"
  Assets:US:ETrade:Cash                             11.20 USD
  Income:US:ETrade:ITOT:Dividend                   -11.20 USD

2022-11-03 * "Buy shares of ITOT"
  Assets:US:ETrade:Cash                          -3560.35 USD
  Assets:US:ETrade:ITOT                                20 ITOT {177.57 USD, 2022-11-03}
  Expenses:Financial:Commissions                     8.95 USD

2022-11-30 * "Sell shares of ITOT"
  Assets:US:ETrade:ITOT                               -20 ITOT {177.57 USD, 2022-11-03} @ 180.04 USD
  Assets:US:ETrade:Cash                           3591.85 USD
  Expenses:Financial:Commissions                     8.95 USD
  Income:US:ETrade:PnL                             -49.40 USD

2022-12-10 * "Sell shares of VHT"
  Assets:US:ETrade:VHT                                -13 VHT {215.38 USD, 2022-09-07} @ 227.40 USD
  Assets:US:ETrade:Cash                           2947.25 USD
  Expenses:Financial:Commissions                     8.95 USD
  Income:US:ETrade:PnL                            -156.26 USD

2022-12-17 * "Dividends on portfolio"
  Assets:US:ETrade:Cash                             25.41 USD
  Income:US:ETrade:GLD:Dividend                    -25.41 USD

2022-12-25 * "Buy shares of GLD"
  Assets:US:ETrade:Cash                          -3273.91 USD
  Assets:US:ETrade:GLD                                 76 GLD {42.96 USD, 2022-12-25}
  Expenses:Financial:Commissions                     8.95 USD

2022-12-25 * "Buy shares of VEA"
  Assets:US:ETrade:Cash                          -3270.25 USD
  Assets:US:ETrade:VEA                                 21 VEA {155.30 USD, 2022-12-25}
  Expenses:Financial:Commissions                     8.95 USD

2023-03-18 * "Dividends on portfolio"
  Assets:US:ETrade:Cash                             51.51 USD
  Income:US:ETrade:GLD:Dividend                    -51.51 USD

2023-05-06 * "Sell shares of GLD"
  Assets:US:ETrade:GLD                                -76 GLD {42.96 USD, 2022-12-25} @ 41.52 USD
  Assets:US:ETrade:Cash                           3146.57 USD
  Expenses:Financial:Commissions                     8.95 USD
  Income:US:ETrade:PnL                             109.44 USD

2023-05-16 * "Buy shares of VEA"
  Assets:US:ETrade:Cash                          -1584.15 USD
  Assets:US:ETrade:VEA                                 10 VEA {157.52 USD, 2023-05-16}
  Expenses:Financial:Commissions                     8.95 USD

2023-05-16 * "Buy shares of VHT"
  Assets:US:ETrade:Cash                          -1569.60 USD
  Assets:US:ETrade:VHT                                  7 VHT {222.95 USD, 2023-05-16}
  Expenses:Financial:Commissions                     8.95 USD

2023-06-12 * "Sell shares of VEA"
  Assets:US:ETrade:VEA                                -10 VEA {157.52 USD, 2023-05-16} @ 156.47 USD
  Assets:US:ETrade:Cash                           1555.75 USD
  Expenses:Financial:Commissions                     8.95 USD
  Income:US:ETrade:PnL                              10.50 USD

2023-06-18 * "Dividends on portfolio"
  Assets:US:ETrade:Cash                             64.05 USD
  Income:US:ETrade:GLD:Dividend                    -64.05 USD

2023-06-21 * "Buy shares of GLD"
  Assets:US:ETrade:Cash                           -782.63 USD
  Assets:US:ETrade:GLD                                 19 GLD {40.72 USD, 2023-06-21}
  Expenses:Financial:Commissions                     8.95 USD

2023-06-21 * "Buy shares of VEA"
  Assets:US:ETrade:Cash                           -800.90 USD
  Assets:US:ETrade:VEA                                  5 VEA {158.39 USD, 2023-06-21}
  Expenses:Financial:Commissions                     8.95 USD

2023-08-16 * "Sell shares of VEA"
  Assets:US:ETrade:VEA                                -21 VEA {155.30 USD, 2022-12-25} @ 162.39 USD
  Assets:US:ETrade:Cash                           3401.24 USD
  Expenses:Financial:Commissions                     8.95 USD
  Income:US:ETrade:PnL                            -148.89 USD

2023-09-03 * "Buy shares of VEA"
  Assets:US:ETrade:Cash                          -1972.87 USD
  Assets:US:ETrade:VEA                                 12 VEA {163.66 USD, 2023-09-03}
  Expenses:Financial:Commissions                     8.95 USD

2023-09-03 * "Buy shares of VHT"
  Assets:US:ETrade:Cash                          -1905.11 USD
  Assets:US:ETrade:VHT                                  8 VHT {237.02 USD, 2023-09-03}
  Expenses:Financial:Commissions                     8.95 USD

2023-09-03 * "Buy shares of ITOT"
  Assets:US:ETrade:Cash                          -2083.03 USD
  Assets:US:ETrade:ITOT                                12 ITOT {172.84 USD, 2023-09-03}
  Expenses:Financial:Commissions                     8.95 USD

2023-09-15 * "Buy shares of GLD"
  Assets:US:ETrade:Cash                          -4505.75 USD
  Assets:US:ETrade:GLD                                112 GLD {40.15 USD, 2023-09-15}
  Expenses:Financial:Commissions                     8.95 USD

2023-09-18 * "Dividends on portfolio"
  Assets:US:ETrade:Cash                            112.04 USD
  Income:US:ETrade:ITOT:Dividend                  -112.04 USD

2023-10-27 * "Sell shares of ITOT"
  Assets:US:ETrade:ITOT                               -12 ITOT {172.84 USD, 2023-09-03} @ 173.74 USD
  Assets:US:ETrade:Cash                           2075.93 USD
  Expenses:Financial:Commissions                     8.95 USD
  Income:US:ETrade:PnL                             -10.80 USD

2023-11-11 * "Buy shares of VHT"
  Assets:US:ETrade:Cash                          -1985.19 USD
  Assets:US:ETrade:VHT                                  8 VHT {247.03 USD, 2023-11-11}
  Expenses:Financial:Commissions                     8.95 USD

2023-11-11 * "Buy shares of ITOT"
  Assets:US:ETrade:Cash                          -1890.28 USD
  Assets:US:ETrade:ITOT                                11 ITOT {171.03 USD, 2023-11-11}
  Expenses:Financial:Commissions                     8.95 USD

2023-11-11 * "Buy shares of VEA"
  Assets:US:ETrade:Cash                          -1991.47 USD
  Assets:US:ETrade:VEA                                 12 VEA {165.21 USD, 2023-11-11}
  Expenses:Financial:Commissions                     8.95 USD

2023-11-13 * "Sell shares of VHT"
  Assets:US:ETrade:VHT                                 -7 VHT {222.95 USD, 2023-05-16} @ 247.03 USD
  Assets:US:ETrade:Cash                           1720.26 USD
  Expenses:Financial:Commissions                     8.95 USD
  Income:US:ETrade:PnL                            -168.56 USD

2023-12-17 * "Dividends on portfolio"
  Assets:US:ETrade:Cash                            135.40 USD
  Income:US:ETrade:GLD:Dividend                   -135.40 USD

2023-12-27 * "Buy shares of ITOT"
  Assets:US:ETrade:Cash                           -519.85 USD
  Assets:US:ETrade:ITOT                                 3 ITOT {170.30 USD, 2023-12-27}
  Expenses:Financial:Commissions                     8.95 USD

2023-12-27 * "Buy shares of VHT"
  Assets:US:ETrade:Cash                           -517.09 USD
  Assets:US:ETrade:VHT                                  2 VHT {254.07 USD, 2023-12-27}
  Expenses:Financial:Commissions                     8.95 USD

2023-12-27 * "Buy shares of VEA"
  Assets:US:ETrade:Cash                           -497.71 USD
  Assets:US:ETrade:VEA                                  3 VEA {162.92 USD, 2023-12-27}
  Expenses:Financial:Commissions                     8.95 USD

2024-03-06 * "Sell shares of VHT"
  Assets:US:ETrade:VHT                                 -8 VHT {237.02 USD, 2023-09-03} @ 263.95 USD
  Assets:US:ETrade:Cash                           2102.65 USD
  Expenses:Financial:Commissions                     8.95 USD
  Income:US:ETrade:PnL                            -215.44 USD

2024-03-09 * "Buy shares of GLD"
  Assets:US:ETrade:Cash                           -778.95 USD
  Assets:US:ETrade:GLD                                 20 GLD {38.50 USD, 2024-03-09}
  Expenses:Financial:Commissions                     8.95 USD

2024-03-09 * "Buy shares of ITOT"
  Assets:US:ETrade:Cash                           -668.15 USD
  Assets:US:ETrade:ITOT                                 4 ITOT {164.80 USD, 2024-03-09}
  Expenses:Financial:Commissions                     8.95 USD

2024-03-09 * "Buy shares of VEA"
  Assets:US:ETrade:Cash                           -670.07 USD
  Assets:US:ETrade:VEA                                  4 VEA {165.28 USD, 2024-03-09}
  Expenses:Financial:Commissions                     8.95 USD

2024-03-17 * "Dividends on portfolio"
  Assets:US:ETrade:Cash                            149.79 USD
  Income:US:ETrade:GLD:Dividend                   -149.79 USD

2024-06-17 * "Dividends on portfolio"
  Assets:US:ETrade:Cash                            149.79 USD
  Income:US:ETrade:GLD:Dividend                   -149.79 USD

2024-08-02 * "Sell shares of GLD"
  Assets:US:ETrade:GLD                               -112 GLD {40.15 USD, 2023-09-15} @ 38.55 USD
  Assets:US:ETrade:Cash                           4308.65 USD
  Expenses:Financial:Commissions                     8.95 USD
  Income:US:ETrade:PnL                             179.20 USD

2024-08-19 * "Buy shares of VEA"
  Assets:US:ETrade:Cash                          -1884.45 USD
  Assets:US:ETrade:VEA                                 11 VEA {170.50 USD, 2024-08-19}
  Expenses:Financial:Commissions                     8.95 USD

2024-08-19 * "Buy shares of GLD"
  Assets:US:ETrade:Cash                          -1992.34 USD
  Assets:US:ETrade:GLD                                 51 GLD {38.89 USD, 2024-08-19}
  Expenses:Financial:Commissions                     8.95 USD

2024-08-19 * "Buy shares of ITOT"
  Assets:US:ETrade:Cash                          -1937.83 USD
  Assets:US:ETrade:ITOT                                12 ITOT {160.74 USD, 2024-08-19}
  Expenses:Financial:Commissions                     8.95 USD

2024-08-19 * "Buy shares of VHT"
  Assets:US:ETrade:Cash                          -1936.75 USD
  Assets:US:ETrade:VHT                                  7 VHT {275.40 USD, 2024-08-19}
  Expenses:Financial:Commissions                     8.95 USD



* Vanguard Investments

2022-01-01 open Assets:US:Vanguard:VBMPX                     VBMPX
  number: "882882"
2022-01-01 open Assets:US:Vanguard:RGAGX                     RGAGX
  number: "882882"
2022-01-01 open Assets:US:Vanguard                            USD
  institution: "Vanguard Group"
  address: "P.O. Box 1110, Valley Forge, PA 19482-1110"
  phone: "+1.800.523.1188"
2022-01-01 open Income:US:Babble:Match401k                   USD
2022-01-01 open Assets:US:Vanguard:Cash                       USD
  number: "882882"

2022-01-07 * "Employer match for contribution"
  Assets:US:Vanguard:Cash                          600.00 USD
  Income:US:Babble:Match401k                      -600.00 USD

2022-01-10 * "Investing 40% of cash in VBMPX"
  Assets:US:Vanguard:VBMPX                          7.968 VBMPX {60.24 USD, 2022-01-10}
  Assets:US:Vanguard:Cash                         -479.99 USD

2022-01-10 * "Investing 60% of cash in RGAGX"
  Assets:US:Vanguard:RGAGX                          4.622 RGAGX {155.79 USD, 2022-01-10}
  Assets:US:Vanguard:Cash                         -720.06 USD

2022-01-10 * "Investing 40% of cash in VBMPX"
  Assets:US:Vanguard:VBMPX                          3.984 VBMPX {60.24 USD, 2022-01-10}
  Assets:US:Vanguard:Cash                         -240.00 USD

2022-01-10 * "Investing 60% of cash in RGAGX"
  Assets:US:Vanguard:RGAGX                          2.311 RGAGX {155.79 USD, 2022-01-10}
  Assets:US:Vanguard:Cash                         -360.03 USD

2022-01-21 * "Employer match for contribution"
  Assets:US:Vanguard:Cash                          600.00 USD
  Income:US:Babble:Match401k                      -600.00 USD

2022-01-24 * "Investing 40% of cash in VBMPX"
  Assets:US:Vanguard:VBMPX                          8.014 VBMPX {59.89 USD, 2022-01-24}
  Assets:US:Vanguard:Cash                         -479.96 USD

2022-01-24 * "Investing 60% of cash in RGAGX"
  Assets:US:Vanguard:RGAGX                          4.396 RGAGX {163.78 USD, 2022-01-24}
  Assets:US:Vanguard:Cash                         -719.98 USD

2022-01-24 * "Investing 40% of cash in VBMPX"
  Assets:US:Vanguard:VBMPX                          4.007 VBMPX {59.89 USD, 2022-01-24}
  Assets:US:Vanguard:Cash                         -239.98 USD

2022-01-24 * "Investing 60% of cash in RGAGX"
  Assets:US:Vanguard:RGAGX                          2.198 RGAGX {163.78 USD, 2022-01-24}
  Assets:US:Vanguard:Cash                         -359.99 USD

2022-02-04 * "Employer match for contribution"
  Assets:US:Vanguard:Cash                          600.00 USD
  Income:US:Babble:Match401k                      -600.00 USD

2022-02-07 * "Investing 40% of cash in VBMPX"
  Assets:US:Vanguard:VBMPX                          7.920 VBMPX {60.61 USD, 2022-02-07}
  Assets:US:Vanguard:Cash                         -480.03 USD

2022-02-07 * "Investing 60% of cash in RGAGX"
  Assets:US:Vanguard:RGAGX                          4.346 RGAGX {165.68 USD, 2022-02-07}
  Assets:US:Vanguard:Cash                         -720.05 USD

2022-02-07 * "Investing 40% of cash in VBMPX"
  Assets:US:Vanguard:VBMPX                          3.959 VBMPX {60.61 USD, 2022-02-07}
  Assets:US:Vanguard:Cash                         -239.95 USD

2022-02-07 * "Investing 60% of cash in RGAGX"
  Assets:US:Vanguard:RGAGX                          2.173 RGAGX {165.68 USD, 2022-02-07}
  Assets:US:Vanguard:Cash                         -360.02 USD

2022-02-18 * "Employer match for contribution"
  Assets:US:Vanguard:Cash                          600.00 USD
  Income:US:Babble:Match401k                      -600.00 USD

2022-02-21 * "Investing 40% of cash in VBMPX"
  Assets:US:Vanguard:VBMPX                          7.776 VBMPX {61.73 USD, 2022-02-21}
  Assets:US:Vanguard:Cash                         -480.01 USD

2022-02-21 * "Investing 60% of cash in RGAGX"
  Assets:US:Vanguard:RGAGX                          4.247 RGAGX {169.51 USD, 2022-02-21}
  Assets:US:Vanguard:Cash                         -719.91 USD

2022-02-21 * "Investing 40% of cash in VBMPX"
  Assets:US:Vanguard:VBMPX                          3.888 VBMPX {61.73 USD, 2022-02-21}
  Assets:US:Vanguard:Cash                         -240.01 USD

2022-02-21 * "Investing 60% of cash in RGAGX"
  Assets:US:Vanguard:RGAGX                          2.124 RGAGX {169.51 USD, 2022-02-21}
  Assets:US:Vanguard:Cash                         -360.04 USD

2022-03-04 * "Employer match for contribution"
  Assets:US:Vanguard:Cash                          600.00 USD
  Income:US:Babble:Match401k                      -600.00 USD

2022-03-07 * "Investing 40% of cash in VBMPX"
  Assets:US:Vanguard:VBMPX                          7.828 VBMPX {61.32 USD, 2022-03-07}
  Assets:US:Vanguard:Cash                         -480.01 USD

2022-03-07 * "Investing 60% of cash in RGAGX"
  Assets:US:Vanguard:RGAGX                          4.293 RGAGX {167.72 USD, 2022-03-07}
  Assets:US:Vanguard:Cash                         -720.02 USD

2022-03-07 * "Investing 40% of cash in VBMPX"
  Assets:US:Vanguard:VBMPX                          3.914 VBMPX {61.32 USD, 2022-03-07}
  Assets:US:Vanguard:Cash                         -240.01 USD

2022-03-07 * "Investing 60% of cash in RGAGX"
  Assets:US:Vanguard:RGAGX                          2.146 RGAGX {167.72 USD, 2022-03-07}
  Assets:US:Vanguard:Cash                         -359.93 USD

2022-03-18 * "Employer match for contribution"
  Assets:US:Vanguard:Cash                          600.00 USD
  Income:US:Babble:Match401k                      -600.00 USD

2022-03-21 * "Investing 40% of cash in VBMPX"
  Assets:US:Vanguard:VBMPX                          7.689 VBMPX {62.43 USD, 2022-03-21}
  Assets:US:Vanguard:Cash                         -480.02 USD

2022-03-21 * "Investing 60% of cash in RGAGX"
  Assets:US:Vanguard:RGAGX                          4.343 RGAGX {165.78 USD, 2022-03-21}
  Assets:US:Vanguard:Cash                         -719.98 USD

2022-03-21 * "Investing 40% of cash in VBMPX"
  Assets:US:Vanguard:VBMPX                          3.844 VBMPX {62.43 USD, 2022-03-21}
  Assets:US:Vanguard:Cash                         -239.98 USD

2022-03-21 * "Investing 60% of cash in RGAGX"
  Assets:US:Vanguard:RGAGX                          2.172 RGAGX {165.78 USD, 2022-03-21}
  Assets:US:Vanguard:Cash                         -360.07 USD

2022-04-01 * "Employer match for contribution"
  Assets:US:Vanguard:Cash                          600.00 USD
  Income:US:Babble:Match401k                      -600.00 USD

2022-04-04 * "Investing 40% of cash in VBMPX"
  Assets:US:Vanguard:VBMPX                          7.693 VBMPX {62.39 USD, 2022-04-04}
  Assets:US:Vanguard:Cash                         -479.97 USD

2022-04-04 * "Investing 60% of cash in RGAGX"
  Assets:US:Vanguard:RGAGX                          4.384 RGAGX {164.23 USD, 2022-04-04}
  Assets:US:Vanguard:Cash                         -719.98 USD

2022-04-04 * "Investing 40% of cash in VBMPX"
  Assets:US:Vanguard:VBMPX                          3.847 VBMPX {62.39 USD, 2022-04-04}
  Assets:US:Vanguard:Cash                         -240.01 USD

2022-04-04 * "Investing 60% of cash in RGAGX"
  Assets:US:Vanguard:RGAGX                          2.192 RGAGX {164.23 USD, 2022-04-04}
  Assets:US:Vanguard:Cash                         -359.99 USD

2022-04-15 * "Employer match for contribution"
  Assets:US:Vanguard:Cash                          600.00 USD
  Income:US:Babble:Match401k                      -600.00 USD

2022-04-18 * "Investing 40% of cash in VBMPX"
  Assets:US:Vanguard:VBMPX                          7.628 VBMPX {62.93 USD, 2022-04-18}
  Assets:US:Vanguard:Cash                         -480.03 USD

2022-04-18 * "Investing 60% of cash in RGAGX"
  Assets:US:Vanguard:RGAGX                          4.461 RGAGX {161.39 USD, 2022-04-18}
  Assets:US:Vanguard:Cash                         -719.96 USD

2022-04-18 * "Investing 40% of cash in VBMPX"
  Assets:US:Vanguard:VBMPX                          3.814 VBMPX {62.93 USD, 2022-04-18}
  Assets:US:Vanguard:Cash                         -240.02 USD

2022-04-18 * "Investing 60% of cash in RGAGX"
  Assets:US:Vanguard:RGAGX                          2.231 RGAGX {161.39 USD, 2022-04-18}
  Assets:US:Vanguard:Cash                         -360.06 USD

2022-04-29 * "Employer match for contribution"
  Assets:US:Vanguard:Cash                          600.00 USD
  Income:US:Babble:Match401k                      -600.00 USD

2022-05-02 * "Investing 40% of cash in VBMPX"
  Assets:US:Vanguard:VBMPX                          7.521 VBMPX {63.82 USD, 2022-05-02}
  Assets:US:Vanguard:Cash                         -479.99 USD

2022-05-02 * "Investing 60% of cash in RGAGX"
  Assets:US:Vanguard:RGAGX                          4.336 RGAGX {166.03 USD, 2022-05-02}
  Assets:US:Vanguard:Cash                         -719.91 USD

2022-05-02 * "Investing 40% of cash in VBMPX"
  Assets:US:Vanguard:VBMPX                          3.761 VBMPX {63.82 USD, 2022-05-02}
  Assets:US:Vanguard:Cash                         -240.03 USD

2022-05-02 * "Investing 60% of cash in RGAGX"
  Assets:US:Vanguard:RGAGX                          2.168 RGAGX {166.03 USD, 2022-05-02}
  Assets:US:Vanguard:Cash                         -359.95 USD

2022-05-13 * "Employer match for contribution"
  Assets:US:Vanguard:Cash                          600.00 USD
  Income:US:Babble:Match401k                      -600.00 USD

2022-05-16 * "Investing 40% of cash in VBMPX"
  Assets:US:Vanguard:VBMPX                          7.643 VBMPX {62.81 USD, 2022-05-16}
  Assets:US:Vanguard:Cash                         -480.06 USD

2022-05-16 * "Investing 60% of cash in RGAGX"
  Assets:US:Vanguard:RGAGX                          4.402 RGAGX {163.59 USD, 2022-05-16}
  Assets:US:Vanguard:Cash                         -720.12 USD

2022-05-16 * "Investing 40% of cash in VBMPX"
  Assets:US:Vanguard:VBMPX                          3.820 VBMPX {62.81 USD, 2022-05-16}
  Assets:US:Vanguard:Cash                         -239.93 USD

2022-05-16 * "Investing 60% of cash in RGAGX"
  Assets:US:Vanguard:RGAGX                          2.200 RGAGX {163.59 USD, 2022-05-16}
  Assets:US:Vanguard:Cash                         -359.90 USD

2022-05-27 * "Employer match for contribution"
  Assets:US:Vanguard:Cash                          600.00 USD
  Income:US:Babble:Match401k                      -600.00 USD

2022-05-30 * "Investing 40% of cash in VBMPX"
  Assets:US:Vanguard:VBMPX                          7.804 VBMPX {61.51 USD, 2022-05-30}
  Assets:US:Vanguard:Cash                         -480.02 USD

2022-05-30 * "Investing 60% of cash in RGAGX"
  Assets:US:Vanguard:RGAGX                          4.471 RGAGX {161.05 USD, 2022-05-30}
  Assets:US:Vanguard:Cash                         -720.05 USD

2022-05-30 * "Investing 40% of cash in VBMPX"
  Assets:US:Vanguard:VBMPX                          3.902 VBMPX {61.51 USD, 2022-05-30}
  Assets:US:Vanguard:Cash                         -240.01 USD

2022-05-30 * "Investing 60% of cash in RGAGX"
  Assets:US:Vanguard:RGAGX                          2.235 RGAGX {161.05 USD, 2022-05-30}
  Assets:US:Vanguard:Cash                         -359.95 USD

2022-06-10 * "Employer match for contribution"
  Assets:US:Vanguard:Cash                          600.00 USD
  Income:US:Babble:Match401k                      -600.00 USD

2022-06-13 * "Investing 40% of cash in VBMPX"
  Assets:US:Vanguard:VBMPX                          7.926 VBMPX {60.56 USD, 2022-06-13}
  Assets:US:Vanguard:Cash                         -480.00 USD

2022-06-13 * "Investing 60% of cash in RGAGX"
  Assets:US:Vanguard:RGAGX                          4.483 RGAGX {160.62 USD, 2022-06-13}
  Assets:US:Vanguard:Cash                         -720.06 USD

2022-06-13 * "Investing 40% of cash in VBMPX"
  Assets:US:Vanguard:VBMPX                          3.963 VBMPX {60.56 USD, 2022-06-13}
  Assets:US:Vanguard:Cash                         -240.00 USD

2022-06-13 * "Investing 60% of cash in RGAGX"
  Assets:US:Vanguard:RGAGX                          2.241 RGAGX {160.62 USD, 2022-06-13}
  Assets:US:Vanguard:Cash                         -359.95 USD

2022-06-24 * "Employer match for contribution"
  Assets:US:Vanguard:Cash                          600.00 USD
  Income:US:Babble:Match401k                      -600.00 USD

2022-06-27 * "Investing 40% of cash in VBMPX"
  Assets:US:Vanguard:VBMPX                          7.836 VBMPX {61.26 USD, 2022-06-27}
  Assets:US:Vanguard:Cash                         -480.03 USD

2022-06-27 * "Investing 60% of cash in RGAGX"
  Assets:US:Vanguard:RGAGX                          4.489 RGAGX {160.38 USD, 2022-06-27}
  Assets:US:Vanguard:Cash                         -719.95 USD

2022-06-27 * "Investing 40% of cash in VBMPX"
  Assets:US:Vanguard:VBMPX                          3.918 VBMPX {61.26 USD, 2022-06-27}
  Assets:US:Vanguard:Cash                         -240.02 USD

2022-06-27 * "Investing 60% of cash in RGAGX"
  Assets:US:Vanguard:RGAGX                          2.245 RGAGX {160.38 USD, 2022-06-27}
  Assets:US:Vanguard:Cash                         -360.05 USD

2022-07-08 * "Employer match for contribution"
  Assets:US:Vanguard:Cash                          600.00 USD
  Income:US:Babble:Match401k                      -600.00 USD

2022-07-11 * "Investing 40% of cash in VBMPX"
  Assets:US:Vanguard:VBMPX                          7.692 VBMPX {62.40 USD, 2022-07-11}
  Assets:US:Vanguard:Cash                         -479.98 USD

2022-07-11 * "Investing 60% of cash in RGAGX"
  Assets:US:Vanguard:RGAGX                          4.486 RGAGX {160.48 USD, 2022-07-11}
  Assets:US:Vanguard:Cash                         -719.91 USD

2022-07-11 * "Investing 40% of cash in VBMPX"
  Assets:US:Vanguard:VBMPX                          3.847 VBMPX {62.40 USD, 2022-07-11}
  Assets:US:Vanguard:Cash                         -240.05 USD

2022-07-11 * "Investing 60% of cash in RGAGX"
  Assets:US:Vanguard:RGAGX                          2.244 RGAGX {160.48 USD, 2022-07-11}
  Assets:US:Vanguard:Cash                         -360.12 USD

2022-07-22 * "Employer match for contribution"
  Assets:US:Vanguard:Cash                          600.00 USD
  Income:US:Babble:Match401k                      -600.00 USD

2022-07-25 * "Investing 40% of cash in VBMPX"
  Assets:US:Vanguard:VBMPX                          7.594 VBMPX {63.20 USD, 2022-07-25}
  Assets:US:Vanguard:Cash                         -479.94 USD

2022-07-25 * "Investing 60% of cash in RGAGX"
  Assets:US:Vanguard:RGAGX                          4.349 RGAGX {165.53 USD, 2022-07-25}
  Assets:US:Vanguard:Cash                         -719.89 USD

2022-07-25 * "Investing 40% of cash in VBMPX"
  Assets:US:Vanguard:VBMPX                          3.798 VBMPX {63.20 USD, 2022-07-25}
  Assets:US:Vanguard:Cash                         -240.03 USD

2022-07-25 * "Investing 60% of cash in RGAGX"
  Assets:US:Vanguard:RGAGX                          2.175 RGAGX {165.53 USD, 2022-07-25}
  Assets:US:Vanguard:Cash                         -360.03 USD

2022-08-05 * "Employer match for contribution"
  Assets:US:Vanguard:Cash                          250.00 USD
  Income:US:Babble:Match401k                      -250.00 USD

2022-08-08 * "Investing 40% of cash in VBMPX"
  Assets:US:Vanguard:VBMPX                          3.163 VBMPX {63.24 USD, 2022-08-08}
  Assets:US:Vanguard:Cash                         -200.03 USD

2022-08-08 * "Investing 60% of cash in RGAGX"
  Assets:US:Vanguard:RGAGX                          1.729 RGAGX {173.52 USD, 2022-08-08}
  Assets:US:Vanguard:Cash                         -300.02 USD

2022-08-08 * "Investing 40% of cash in VBMPX"
  Assets:US:Vanguard:VBMPX                          1.581 VBMPX {63.24 USD, 2022-08-08}
  Assets:US:Vanguard:Cash                          -99.98 USD

2022-08-08 * "Investing 60% of cash in RGAGX"
  Assets:US:Vanguard:RGAGX                          0.864 RGAGX {173.52 USD, 2022-08-08}
  Assets:US:Vanguard:Cash                         -149.92 USD

2023-01-06 * "Employer match for contribution"
  Assets:US:Vanguard:Cash                          600.00 USD
  Income:US:Babble:Match401k                      -600.00 USD

2023-01-09 * "Investing 40% of cash in VBMPX"
  Assets:US:Vanguard:VBMPX                          7.542 VBMPX {63.65 USD, 2023-01-09}
  Assets:US:Vanguard:Cash                         -480.05 USD

2023-01-09 * "Investing 60% of cash in RGAGX"
  Assets:US:Vanguard:RGAGX                          4.053 RGAGX {177.65 USD, 2023-01-09}
  Assets:US:Vanguard:Cash                         -720.02 USD

2023-01-09 * "Investing 40% of cash in VBMPX"
  Assets:US:Vanguard:VBMPX                          3.771 VBMPX {63.65 USD, 2023-01-09}
  Assets:US:Vanguard:Cash                         -240.02 USD

2023-01-09 * "Investing 60% of cash in RGAGX"
  Assets:US:Vanguard:RGAGX                          2.026 RGAGX {177.65 USD, 2023-01-09}
  Assets:US:Vanguard:Cash                         -359.92 USD

2023-01-20 * "Employer match for contribution"
  Assets:US:Vanguard:Cash                          600.00 USD
  Income:US:Babble:Match401k                      -600.00 USD

2023-01-23 * "Investing 40% of cash in VBMPX"
  Assets:US:Vanguard:VBMPX                          7.700 VBMPX {62.34 USD, 2023-01-23}
  Assets:US:Vanguard:Cash                         -480.02 USD

2023-01-23 * "Investing 60% of cash in RGAGX"
  Assets:US:Vanguard:RGAGX                          3.894 RGAGX {184.93 USD, 2023-01-23}
  Assets:US:Vanguard:Cash                         -720.12 USD

2023-01-23 * "Investing 40% of cash in VBMPX"
  Assets:US:Vanguard:VBMPX                          3.849 VBMPX {62.34 USD, 2023-01-23}
  Assets:US:Vanguard:Cash                         -239.95 USD

2023-01-23 * "Investing 60% of cash in RGAGX"
  Assets:US:Vanguard:RGAGX                          1.946 RGAGX {184.93 USD, 2023-01-23}
  Assets:US:Vanguard:Cash                         -359.87 USD

2023-02-03 * "Employer match for contribution"
  Assets:US:Vanguard:Cash                          600.00 USD
  Income:US:Babble:Match401k                      -600.00 USD

2023-02-06 * "Investing 40% of cash in VBMPX"
  Assets:US:Vanguard:VBMPX                          7.608 VBMPX {63.10 USD, 2023-02-06}
  Assets:US:Vanguard:Cash                         -480.06 USD

2023-02-06 * "Investing 60% of cash in RGAGX"
  Assets:US:Vanguard:RGAGX                          3.850 RGAGX {187.01 USD, 2023-02-06}
  Assets:US:Vanguard:Cash                         -719.99 USD

2023-02-06 * "Investing 40% of cash in VBMPX"
  Assets:US:Vanguard:VBMPX                          3.804 VBMPX {63.10 USD, 2023-02-06}
  Assets:US:Vanguard:Cash                         -240.03 USD

2023-02-06 * "Investing 60% of cash in RGAGX"
  Assets:US:Vanguard:RGAGX                          1.925 RGAGX {187.01 USD, 2023-02-06}
  Assets:US:Vanguard:Cash                         -359.99 USD

2023-02-17 * "Employer match for contribution"
  Assets:US:Vanguard:Cash                          600.00 USD
  Income:US:Babble:Match401k                      -600.00 USD

2023-02-20 * "Investing 40% of cash in VBMPX"
  Assets:US:Vanguard:VBMPX                          7.477 VBMPX {64.20 USD, 2023-02-20}
  Assets:US:Vanguard:Cash                         -480.02 USD

2023-02-20 * "Investing 60% of cash in RGAGX"
  Assets:US:Vanguard:RGAGX                          3.952 RGAGX {182.18 USD, 2023-02-20}
  Assets:US:Vanguard:Cash                         -719.98 USD

2023-02-20 * "Investing 40% of cash in VBMPX"
  Assets:US:Vanguard:VBMPX                          3.739 VBMPX {64.20 USD, 2023-02-20}
  Assets:US:Vanguard:Cash                         -240.04 USD

2023-02-20 * "Investing 60% of cash in RGAGX"
  Assets:US:Vanguard:RGAGX                          1.976 RGAGX {182.18 USD, 2023-02-20}
  Assets:US:Vanguard:Cash                         -359.99 USD

2023-03-03 * "Employer match for contribution"
  Assets:US:Vanguard:Cash                          600.00 USD
  Income:US:Babble:Match401k                      -600.00 USD

2023-03-06 * "Investing 40% of cash in VBMPX"
  Assets:US:Vanguard:VBMPX                          7.430 VBMPX {64.60 USD, 2023-03-06}
  Assets:US:Vanguard:Cash                         -479.98 USD

2023-03-06 * "Investing 60% of cash in RGAGX"
  Assets:US:Vanguard:RGAGX                          3.862 RGAGX {186.43 USD, 2023-03-06}
  Assets:US:Vanguard:Cash                         -719.99 USD

2023-03-06 * "Investing 40% of cash in VBMPX"
  Assets:US:Vanguard:VBMPX                          3.715 VBMPX {64.60 USD, 2023-03-06}
  Assets:US:Vanguard:Cash                         -239.99 USD

2023-03-06 * "Investing 60% of cash in RGAGX"
  Assets:US:Vanguard:RGAGX                          1.931 RGAGX {186.43 USD, 2023-03-06}
  Assets:US:Vanguard:Cash                         -360.00 USD

2023-03-17 * "Employer match for contribution"
  Assets:US:Vanguard:Cash                          600.00 USD
  Income:US:Babble:Match401k                      -600.00 USD

2023-03-20 * "Investing 40% of cash in VBMPX"
  Assets:US:Vanguard:VBMPX                          7.492 VBMPX {64.07 USD, 2023-03-20}
  Assets:US:Vanguard:Cash                         -480.01 USD

2023-03-20 * "Investing 60% of cash in RGAGX"
  Assets:US:Vanguard:RGAGX                          3.918 RGAGX {183.78 USD, 2023-03-20}
  Assets:US:Vanguard:Cash                         -720.05 USD

2023-03-20 * "Investing 40% of cash in VBMPX"
  Assets:US:Vanguard:VBMPX                          3.746 VBMPX {64.07 USD, 2023-03-20}
  Assets:US:Vanguard:Cash                         -240.01 USD

2023-03-20 * "Investing 60% of cash in RGAGX"
  Assets:US:Vanguard:RGAGX                          1.959 RGAGX {183.78 USD, 2023-03-20}
  Assets:US:Vanguard:Cash                         -360.03 USD

2023-03-31 * "Employer match for contribution"
  Assets:US:Vanguard:Cash                          600.00 USD
  Income:US:Babble:Match401k                      -600.00 USD

2023-04-03 * "Investing 40% of cash in VBMPX"
  Assets:US:Vanguard:VBMPX                          7.678 VBMPX {62.51 USD, 2023-04-03}
  Assets:US:Vanguard:Cash                         -479.95 USD

2023-04-03 * "Investing 60% of cash in RGAGX"
  Assets:US:Vanguard:RGAGX                          4.081 RGAGX {176.41 USD, 2023-04-03}
  Assets:US:Vanguard:Cash                         -719.93 USD

2023-04-03 * "Investing 40% of cash in VBMPX"
  Assets:US:Vanguard:VBMPX                          3.840 VBMPX {62.51 USD, 2023-04-03}
  Assets:US:Vanguard:Cash                         -240.04 USD

2023-04-03 * "Investing 60% of cash in RGAGX"
  Assets:US:Vanguard:RGAGX                          2.041 RGAGX {176.41 USD, 2023-04-03}
  Assets:US:Vanguard:Cash                         -360.05 USD

2023-04-14 * "Employer match for contribution"
  Assets:US:Vanguard:Cash                          600.00 USD
  Income:US:Babble:Match401k                      -600.00 USD

2023-04-17 * "Investing 40% of cash in VBMPX"
  Assets:US:Vanguard:VBMPX                          7.707 VBMPX {62.28 USD, 2023-04-17}
  Assets:US:Vanguard:Cash                         -479.99 USD

2023-04-17 * "Investing 60% of cash in RGAGX"
  Assets:US:Vanguard:RGAGX                          4.189 RGAGX {171.86 USD, 2023-04-17}
  Assets:US:Vanguard:Cash                         -719.92 USD

2023-04-17 * "Investing 40% of cash in VBMPX"
  Assets:US:Vanguard:VBMPX                          3.854 VBMPX {62.28 USD, 2023-04-17}
  Assets:US:Vanguard:Cash                         -240.03 USD

2023-04-17 * "Investing 60% of cash in RGAGX"
  Assets:US:Vanguard:RGAGX                          2.095 RGAGX {171.86 USD, 2023-04-17}
  Assets:US:Vanguard:Cash                         -360.05 USD

2023-04-28 * "Employer match for contribution"
  Assets:US:Vanguard:Cash                          600.00 USD
  Income:US:Babble:Match401k                      -600.00 USD

2023-05-01 * "Investing 40% of cash in VBMPX"
  Assets:US:Vanguard:VBMPX                          7.655 VBMPX {62.70 USD, 2023-05-01}
  Assets:US:Vanguard:Cash                         -479.97 USD

2023-05-01 * "Investing 60% of cash in RGAGX"
  Assets:US:Vanguard:RGAGX                          4.069 RGAGX {176.96 USD, 2023-05-01}
  Assets:US:Vanguard:Cash                         -720.05 USD

2023-05-01 * "Investing 40% of cash in VBMPX"
  Assets:US:Vanguard:VBMPX                          3.827 VBMPX {62.70 USD, 2023-05-01}
  Assets:US:Vanguard:Cash                         -239.95 USD

2023-05-01 * "Investing 60% of cash in RGAGX"
  Assets:US:Vanguard:RGAGX                          2.034 RGAGX {176.96 USD, 2023-05-01}
  Assets:US:Vanguard:Cash                         -359.94 USD

2023-05-12 * "Employer match for contribution"
  Assets:US:Vanguard:Cash                          600.00 USD
  Income:US:Babble:Match401k                      -600.00 USD

2023-05-15 * "Investing 40% of cash in VBMPX"
  Assets:US:Vanguard:VBMPX                          7.794 VBMPX {61.59 USD, 2023-05-15}
  Assets:US:Vanguard:Cash                         -480.03 USD

2023-05-15 * "Investing 60% of cash in RGAGX"
  Assets:US:Vanguard:RGAGX                          4.033 RGAGX {178.52 USD, 2023-05-15}
  Assets:US:Vanguard:Cash                         -719.97 USD

2023-05-15 * "Investing 40% of cash in VBMPX"
  Assets:US:Vanguard:VBMPX                          3.897 VBMPX {61.59 USD, 2023-05-15}
  Assets:US:Vanguard:Cash                         -240.02 USD

2023-05-15 * "Investing 60% of cash in RGAGX"
  Assets:US:Vanguard:RGAGX                          2.017 RGAGX {178.52 USD, 2023-05-15}
  Assets:US:Vanguard:Cash                         -360.07 USD

2023-05-26 * "Employer match for contribution"
  Assets:US:Vanguard:Cash                          600.00 USD
  Income:US:Babble:Match401k                      -600.00 USD

2023-05-29 * "Investing 40% of cash in VBMPX"
  Assets:US:Vanguard:VBMPX                          7.910 VBMPX {60.68 USD, 2023-05-29}
  Assets:US:Vanguard:Cash                         -479.98 USD

2023-05-29 * "Investing 60% of cash in RGAGX"
  Assets:US:Vanguard:RGAGX                          3.946 RGAGX {182.47 USD, 2023-05-29}
  Assets:US:Vanguard:Cash                         -720.03 USD

2023-05-29 * "Investing 40% of cash in VBMPX"
  Assets:US:Vanguard:VBMPX                          3.955 VBMPX {60.68 USD, 2023-05-29}
  Assets:US:Vanguard:Cash                         -239.99 USD

2023-05-29 * "Investing 60% of cash in RGAGX"
  Assets:US:Vanguard:RGAGX                          1.973 RGAGX {182.47 USD, 2023-05-29}
  Assets:US:Vanguard:Cash                         -360.01 USD

2023-06-09 * "Employer match for contribution"
  Assets:US:Vanguard:Cash                          600.00 USD
  Income:US:Babble:Match401k                      -600.00 USD

2023-06-12 * "Investing 40% of cash in VBMPX"
  Assets:US:Vanguard:VBMPX                          7.826 VBMPX {61.33 USD, 2023-06-12}
  Assets:US:Vanguard:Cash                         -479.97 USD

2023-06-12 * "Investing 60% of cash in RGAGX"
  Assets:US:Vanguard:RGAGX                          4.097 RGAGX {175.72 USD, 2023-06-12}
  Assets:US:Vanguard:Cash                         -719.92 USD

2023-06-12 * "Investing 40% of cash in VBMPX"
  Assets:US:Vanguard:VBMPX                          3.914 VBMPX {61.33 USD, 2023-06-12}
  Assets:US:Vanguard:Cash                         -240.05 USD

2023-06-12 * "Investing 60% of cash in RGAGX"
  Assets:US:Vanguard:RGAGX                          2.049 RGAGX {175.72 USD, 2023-06-12}
  Assets:US:Vanguard:Cash                         -360.05 USD

2023-06-23 * "Employer match for contribution"
  Assets:US:Vanguard:Cash                          600.00 USD
  Income:US:Babble:Match401k                      -600.00 USD

2023-06-26 * "Investing 40% of cash in VBMPX"
  Assets:US:Vanguard:VBMPX                          7.838 VBMPX {61.24 USD, 2023-06-26}
  Assets:US:Vanguard:Cash                         -480.00 USD

2023-06-26 * "Investing 60% of cash in RGAGX"
  Assets:US:Vanguard:RGAGX                          4.182 RGAGX {172.16 USD, 2023-06-26}
  Assets:US:Vanguard:Cash                         -719.97 USD

2023-06-26 * "Investing 40% of cash in VBMPX"
  Assets:US:Vanguard:VBMPX                          3.919 VBMPX {61.24 USD, 2023-06-26}
  Assets:US:Vanguard:Cash                         -240.00 USD

2023-06-26 * "Investing 60% of cash in RGAGX"
  Assets:US:Vanguard:RGAGX                          2.091 RGAGX {172.16 USD, 2023-06-26}
  Assets:US:Vanguard:Cash                         -359.99 USD

2023-07-07 * "Employer match for contribution"
  Assets:US:Vanguard:Cash                          600.00 USD
  Income:US:Babble:Match401k                      -600.00 USD

2023-07-10 * "Investing 40% of cash in VBMPX"
  Assets:US:Vanguard:VBMPX                          7.781 VBMPX {61.69 USD, 2023-07-10}
  Assets:US:Vanguard:Cash                         -480.01 USD

2023-07-10 * "Investing 60% of cash in RGAGX"
  Assets:US:Vanguard:RGAGX                          4.171 RGAGX {172.63 USD, 2023-07-10}
  Assets:US:Vanguard:Cash                         -720.04 USD

2023-07-10 * "Investing 40% of cash in VBMPX"
  Assets:US:Vanguard:VBMPX                          3.890 VBMPX {61.69 USD, 2023-07-10}
  Assets:US:Vanguard:Cash                         -239.97 USD

2023-07-10 * "Investing 60% of cash in RGAGX"
  Assets:US:Vanguard:RGAGX                          2.085 RGAGX {172.63 USD, 2023-07-10}
  Assets:US:Vanguard:Cash                         -359.93 USD

2023-07-21 * "Employer match for contribution"
  Assets:US:Vanguard:Cash                          600.00 USD
  Income:US:Babble:Match401k                      -600.00 USD

2023-07-24 * "Investing 40% of cash in VBMPX"
  Assets:US:Vanguard:VBMPX                          7.851 VBMPX {61.14 USD, 2023-07-24}
  Assets:US:Vanguard:Cash                         -480.01 USD

2023-07-24 * "Investing 60% of cash in RGAGX"
  Assets:US:Vanguard:RGAGX                          4.120 RGAGX {174.77 USD, 2023-07-24}
  Assets:US:Vanguard:Cash                         -720.05 USD

2023-07-24 * "Investing 40% of cash in VBMPX"
  Assets:US:Vanguard:VBMPX                          3.925 VBMPX {61.14 USD, 2023-07-24}
  Assets:US:Vanguard:Cash                         -239.97 USD

2023-07-24 * "Investing 60% of cash in RGAGX"
  Assets:US:Vanguard:RGAGX                          2.060 RGAGX {174.77 USD, 2023-07-24}
  Assets:US:Vanguard:Cash                         -360.03 USD

2023-08-04 * "Employer match for contribution"
  Assets:US:Vanguard:Cash                          250.00 USD
  Income:US:Babble:Match401k                      -250.00 USD

2023-08-07 * "Investing 40% of cash in VBMPX"
  Assets:US:Vanguard:VBMPX                          3.178 VBMPX {62.93 USD, 2023-08-07}
  Assets:US:Vanguard:Cash                         -199.99 USD

2023-08-07 * "Investing 60% of cash in RGAGX"
  Assets:US:Vanguard:RGAGX                          1.762 RGAGX {170.30 USD, 2023-08-07}
  Assets:US:Vanguard:Cash                         -300.07 USD

2023-08-07 * "Investing 40% of cash in VBMPX"
  Assets:US:Vanguard:VBMPX                          1.589 VBMPX {62.93 USD, 2023-08-07}
  Assets:US:Vanguard:Cash                         -100.00 USD

2023-08-07 * "Investing 60% of cash in RGAGX"
  Assets:US:Vanguard:RGAGX                          0.881 RGAGX {170.30 USD, 2023-08-07}
  Assets:US:Vanguard:Cash                         -150.03 USD

2024-01-05 * "Employer match for contribution"
  Assets:US:Vanguard:Cash                          600.00 USD
  Income:US:Babble:Match401k                      -600.00 USD

2024-01-08 * "Investing 40% of cash in VBMPX"
  Assets:US:Vanguard:VBMPX                          7.957 VBMPX {60.32 USD, 2024-01-08}
  Assets:US:Vanguard:Cash                         -479.97 USD

2024-01-08 * "Investing 60% of cash in RGAGX"
  Assets:US:Vanguard:RGAGX                          3.620 RGAGX {198.87 USD, 2024-01-08}
  Assets:US:Vanguard:Cash                         -719.91 USD

2024-01-08 * "Investing 40% of cash in VBMPX"
  Assets:US:Vanguard:VBMPX                          3.979 VBMPX {60.32 USD, 2024-01-08}
  Assets:US:Vanguard:Cash                         -240.01 USD

2024-01-08 * "Investing 60% of cash in RGAGX"
  Assets:US:Vanguard:RGAGX                          1.810 RGAGX {198.87 USD, 2024-01-08}
  Assets:US:Vanguard:Cash                         -359.95 USD

2024-01-19 * "Employer match for contribution"
  Assets:US:Vanguard:Cash                          600.00 USD
  Income:US:Babble:Match401k                      -600.00 USD

2024-01-22 * "Investing 40% of cash in VBMPX"
  Assets:US:Vanguard:VBMPX                          8.049 VBMPX {59.64 USD, 2024-01-22}
  Assets:US:Vanguard:Cash                         -480.04 USD

2024-01-22 * "Investing 60% of cash in RGAGX"
  Assets:US:Vanguard:RGAGX                          3.627 RGAGX {198.51 USD, 2024-01-22}
  Assets:US:Vanguard:Cash                         -720.00 USD

2024-01-22 * "Investing 40% of cash in VBMPX"
  Assets:US:Vanguard:VBMPX                          4.024 VBMPX {59.64 USD, 2024-01-22}
  Assets:US:Vanguard:Cash                         -239.99 USD

2024-01-22 * "Investing 60% of cash in RGAGX"
  Assets:US:Vanguard:RGAGX                          1.814 RGAGX {198.51 USD, 2024-01-22}
  Assets:US:Vanguard:Cash                         -360.10 USD

2024-02-02 * "Employer match for contribution"
  Assets:US:Vanguard:Cash                          600.00 USD
  Income:US:Babble:Match401k                      -600.00 USD

2024-02-05 * "Investing 40% of cash in VBMPX"
  Assets:US:Vanguard:VBMPX                          8.000 VBMPX {60.00 USD, 2024-02-05}
  Assets:US:Vanguard:Cash                         -480.00 USD

2024-02-05 * "Investing 60% of cash in RGAGX"
  Assets:US:Vanguard:RGAGX                          3.653 RGAGX {197.10 USD, 2024-02-05}
  Assets:US:Vanguard:Cash                         -720.01 USD

2024-02-05 * "Investing 40% of cash in VBMPX"
  Assets:US:Vanguard:VBMPX                          4.000 VBMPX {60.00 USD, 2024-02-05}
  Assets:US:Vanguard:Cash                         -240.00 USD

2024-02-05 * "Investing 60% of cash in RGAGX"
  Assets:US:Vanguard:RGAGX                          1.826 RGAGX {197.10 USD, 2024-02-05}
  Assets:US:Vanguard:Cash                         -359.90 USD

2024-02-16 * "Employer match for contribution"
  Assets:US:Vanguard:Cash                          600.00 USD
  Income:US:Babble:Match401k                      -600.00 USD

2024-02-19 * "Investing 40% of cash in VBMPX"
  Assets:US:Vanguard:VBMPX                          7.947 VBMPX {60.40 USD, 2024-02-19}
  Assets:US:Vanguard:Cash                         -480.00 USD

2024-02-19 * "Investing 60% of cash in RGAGX"
  Assets:US:Vanguard:RGAGX                          3.709 RGAGX {194.11 USD, 2024-02-19}
  Assets:US:Vanguard:Cash                         -719.95 USD

2024-02-19 * "Investing 40% of cash in VBMPX"
  Assets:US:Vanguard:VBMPX                          3.974 VBMPX {60.40 USD, 2024-02-19}
  Assets:US:Vanguard:Cash                         -240.03 USD

2024-02-19 * "Investing 60% of cash in RGAGX"
  Assets:US:Vanguard:RGAGX                          1.855 RGAGX {194.11 USD, 2024-02-19}
  Assets:US:Vanguard:Cash                         -360.07 USD

2024-03-01 * "Employer match for contribution"
  Assets:US:Vanguard:Cash                          600.00 USD
  Income:US:Babble:Match401k                      -600.00 USD

2024-03-04 * "Investing 40% of cash in VBMPX"
  Assets:US:Vanguard:VBMPX                          7.896 VBMPX {60.79 USD, 2024-03-04}
  Assets:US:Vanguard:Cash                         -480.00 USD

2024-03-04 * "Investing 60% of cash in RGAGX"
  Assets:US:Vanguard:RGAGX                          3.669 RGAGX {196.23 USD, 2024-03-04}
  Assets:US:Vanguard:Cash                         -719.97 USD

2024-03-04 * "Investing 40% of cash in VBMPX"
  Assets:US:Vanguard:VBMPX                          3.948 VBMPX {60.79 USD, 2024-03-04}
  Assets:US:Vanguard:Cash                         -240.00 USD

2024-03-04 * "Investing 60% of cash in RGAGX"
  Assets:US:Vanguard:RGAGX                          1.835 RGAGX {196.23 USD, 2024-03-04}
  Assets:US:Vanguard:Cash                         -360.08 USD

2024-03-15 * "Employer match for contribution"
  Assets:US:Vanguard:Cash                          600.00 USD
  Income:US:Babble:Match401k                      -600.00 USD

2024-03-18 * "Investing 40% of cash in VBMPX"
  Assets:US:Vanguard:VBMPX                          7.670 VBMPX {62.58 USD, 2024-03-18}
  Assets:US:Vanguard:Cash                         -479.99 USD

2024-03-18 * "Investing 60% of cash in RGAGX"
  Assets:US:Vanguard:RGAGX                          3.755 RGAGX {191.72 USD, 2024-03-18}
  Assets:US:Vanguard:Cash                         -719.91 USD

2024-03-18 * "Investing 40% of cash in VBMPX"
  Assets:US:Vanguard:VBMPX                          3.835 VBMPX {62.58 USD, 2024-03-18}
  Assets:US:Vanguard:Cash                         -239.99 USD

2024-03-18 * "Investing 60% of cash in RGAGX"
  Assets:US:Vanguard:RGAGX                          1.878 RGAGX {191.72 USD, 2024-03-18}
  Assets:US:Vanguard:Cash                         -360.05 USD

2024-03-29 * "Employer match for contribution"
  Assets:US:Vanguard:Cash                          600.00 USD
  Income:US:Babble:Match401k                      -600.00 USD

2024-04-01 * "Investing 40% of cash in VBMPX"
  Assets:US:Vanguard:VBMPX                          7.614 VBMPX {63.04 USD, 2024-04-01}
  Assets:US:Vanguard:Cash                         -479.99 USD

2024-04-01 * "Investing 60% of cash in RGAGX"
  Assets:US:Vanguard:RGAGX                          3.866 RGAGX {186.23 USD, 2024-04-01}
  Assets:US:Vanguard:Cash                         -719.97 USD

2024-04-01 * "Investing 40% of cash in VBMPX"
  Assets:US:Vanguard:VBMPX                          3.807 VBMPX {63.04 USD, 2024-04-01}
  Assets:US:Vanguard:Cash                         -239.99 USD

2024-04-01 * "Investing 60% of cash in RGAGX"
  Assets:US:Vanguard:RGAGX                          1.933 RGAGX {186.23 USD, 2024-04-01}
  Assets:US:Vanguard:Cash                         -359.98 USD

2024-04-12 * "Employer match for contribution"
  Assets:US:Vanguard:Cash                          600.00 USD
  Income:US:Babble:Match401k                      -600.00 USD

2024-04-15 * "Investing 40% of cash in VBMPX"
  Assets:US:Vanguard:VBMPX                          7.585 VBMPX {63.29 USD, 2024-04-15}
  Assets:US:Vanguard:Cash                         -480.05 USD

2024-04-15 * "Investing 60% of cash in RGAGX"
  Assets:US:Vanguard:RGAGX                          3.795 RGAGX {189.75 USD, 2024-04-15}
  Assets:US:Vanguard:Cash                         -720.10 USD

2024-04-15 * "Investing 40% of cash in VBMPX"
  Assets:US:Vanguard:VBMPX                          3.792 VBMPX {63.29 USD, 2024-04-15}
  Assets:US:Vanguard:Cash                         -240.00 USD

2024-04-15 * "Investing 60% of cash in RGAGX"
  Assets:US:Vanguard:RGAGX                          1.897 RGAGX {189.75 USD, 2024-04-15}
  Assets:US:Vanguard:Cash                         -359.96 USD

2024-04-26 * "Employer match for contribution"
  Assets:US:Vanguard:Cash                          600.00 USD
  Income:US:Babble:Match401k                      -600.00 USD

2024-04-29 * "Investing 40% of cash in VBMPX"
  Assets:US:Vanguard:VBMPX                          7.472 VBMPX {64.24 USD, 2024-04-29}
  Assets:US:Vanguard:Cash                         -480.00 USD

2024-04-29 * "Investing 60% of cash in RGAGX"
  Assets:US:Vanguard:RGAGX                          3.749 RGAGX {192.06 USD, 2024-04-29}
  Assets:US:Vanguard:Cash                         -720.03 USD

2024-04-29 * "Investing 40% of cash in VBMPX"
  Assets:US:Vanguard:VBMPX                          3.736 VBMPX {64.24 USD, 2024-04-29}
  Assets:US:Vanguard:Cash                         -240.00 USD

2024-04-29 * "Investing 60% of cash in RGAGX"
  Assets:US:Vanguard:RGAGX                          1.874 RGAGX {192.06 USD, 2024-04-29}
  Assets:US:Vanguard:Cash                         -359.92 USD

2024-05-10 * "Employer match for contribution"
  Assets:US:Vanguard:Cash                          600.00 USD
  Income:US:Babble:Match401k                      -600.00 USD

2024-05-13 * "Investing 40% of cash in VBMPX"
  Assets:US:Vanguard:VBMPX                          7.324 VBMPX {65.54 USD, 2024-05-13}
  Assets:US:Vanguard:Cash                         -480.01 USD

2024-05-13 * "Investing 60% of cash in RGAGX"
  Assets:US:Vanguard:RGAGX                          3.875 RGAGX {185.82 USD, 2024-05-13}
  Assets:US:Vanguard:Cash                         -720.05 USD

2024-05-13 * "Investing 40% of cash in VBMPX"
  Assets:US:Vanguard:VBMPX                          3.662 VBMPX {65.54 USD, 2024-05-13}
  Assets:US:Vanguard:Cash                         -240.01 USD

2024-05-13 * "Investing 60% of cash in RGAGX"
  Assets:US:Vanguard:RGAGX                          1.937 RGAGX {185.82 USD, 2024-05-13}
  Assets:US:Vanguard:Cash                         -359.93 USD

2024-05-24 * "Employer match for contribution"
  Assets:US:Vanguard:Cash                          600.00 USD
  Income:US:Babble:Match401k                      -600.00 USD

2024-05-27 * "Investing 40% of cash in VBMPX"
  Assets:US:Vanguard:VBMPX                          7.278 VBMPX {65.95 USD, 2024-05-27}
  Assets:US:Vanguard:Cash                         -479.98 USD

2024-05-27 * "Investing 60% of cash in RGAGX"
  Assets:US:Vanguard:RGAGX                          4.002 RGAGX {179.93 USD, 2024-05-27}
  Assets:US:Vanguard:Cash                         -720.08 USD

2024-05-27 * "Investing 40% of cash in VBMPX"
  Assets:US:Vanguard:VBMPX                          3.639 VBMPX {65.95 USD, 2024-05-27}
  Assets:US:Vanguard:Cash                         -239.99 USD

2024-05-27 * "Investing 60% of cash in RGAGX"
  Assets:US:Vanguard:RGAGX                          2.001 RGAGX {179.93 USD, 2024-05-27}
  Assets:US:Vanguard:Cash                         -360.04 USD

2024-06-07 * "Employer match for contribution"
  Assets:US:Vanguard:Cash                          600.00 USD
  Income:US:Babble:Match401k                      -600.00 USD

2024-06-10 * "Investing 40% of cash in VBMPX"
  Assets:US:Vanguard:VBMPX                          7.394 VBMPX {64.91 USD, 2024-06-10}
  Assets:US:Vanguard:Cash                         -479.94 USD

2024-06-10 * "Investing 60% of cash in RGAGX"
  Assets:US:Vanguard:RGAGX                          3.989 RGAGX {180.48 USD, 2024-06-10}
  Assets:US:Vanguard:Cash                         -719.93 USD

2024-06-10 * "Investing 40% of cash in VBMPX"
  Assets:US:Vanguard:VBMPX                          3.698 VBMPX {64.91 USD, 2024-06-10}
  Assets:US:Vanguard:Cash                         -240.04 USD

2024-06-10 * "Investing 60% of cash in RGAGX"
  Assets:US:Vanguard:RGAGX                          1.995 RGAGX {180.48 USD, 2024-06-10}
  Assets:US:Vanguard:Cash                         -360.06 USD

2024-06-21 * "Employer match for contribution"
  Assets:US:Vanguard:Cash                          600.00 USD
  Income:US:Babble:Match401k                      -600.00 USD

2024-06-24 * "Investing 40% of cash in VBMPX"
  Assets:US:Vanguard:VBMPX                          7.276 VBMPX {65.97 USD, 2024-06-24}
  Assets:US:Vanguard:Cash                         -480.00 USD

2024-06-24 * "Investing 60% of cash in RGAGX"
  Assets:US:Vanguard:RGAGX                          4.089 RGAGX {176.09 USD, 2024-06-24}
  Assets:US:Vanguard:Cash                         -720.03 USD

2024-06-24 * "Investing 40% of cash in VBMPX"
  Assets:US:Vanguard:VBMPX                          3.638 VBMPX {65.97 USD, 2024-06-24}
  Assets:US:Vanguard:Cash                         -240.00 USD

2024-06-24 * "Investing 60% of cash in RGAGX"
  Assets:US:Vanguard:RGAGX                          2.044 RGAGX {176.09 USD, 2024-06-24}
  Assets:US:Vanguard:Cash                         -359.93 USD

2024-07-05 * "Employer match for contribution"
  Assets:US:Vanguard:Cash                          600.00 USD
  Income:US:Babble:Match401k                      -600.00 USD

2024-07-08 * "Investing 40% of cash in VBMPX"
  Assets:US:Vanguard:VBMPX                          7.321 VBMPX {65.56 USD, 2024-07-08}
  Assets:US:Vanguard:Cash                         -479.96 USD

2024-07-08 * "Investing 60% of cash in RGAGX"
  Assets:US:Vanguard:RGAGX                          4.105 RGAGX {175.40 USD, 2024-07-08}
  Assets:US:Vanguard:Cash                         -720.02 USD

2024-07-08 * "Investing 40% of cash in VBMPX"
  Assets:US:Vanguard:VBMPX                          3.661 VBMPX {65.56 USD, 2024-07-08}
  Assets:US:Vanguard:Cash                         -240.02 USD

2024-07-08 * "Investing 60% of cash in RGAGX"
  Assets:US:Vanguard:RGAGX                          2.052 RGAGX {175.40 USD, 2024-07-08}
  Assets:US:Vanguard:Cash                         -359.92 USD

2024-07-19 * "Employer match for contribution"
  Assets:US:Vanguard:Cash                          600.00 USD
  Income:US:Babble:Match401k                      -600.00 USD

2024-07-22 * "Investing 40% of cash in VBMPX"
  Assets:US:Vanguard:VBMPX                          7.313 VBMPX {65.64 USD, 2024-07-22}
  Assets:US:Vanguard:Cash                         -480.03 USD

2024-07-22 * "Investing 60% of cash in RGAGX"
  Assets:US:Vanguard:RGAGX                          3.997 RGAGX {180.14 USD, 2024-07-22}
  Assets:US:Vanguard:Cash                         -720.02 USD

2024-07-22 * "Investing 40% of cash in VBMPX"
  Assets:US:Vanguard:VBMPX                          3.656 VBMPX {65.64 USD, 2024-07-22}
  Assets:US:Vanguard:Cash                         -239.98 USD

2024-07-22 * "Investing 60% of cash in RGAGX"
  Assets:US:Vanguard:RGAGX                          1.999 RGAGX {180.14 USD, 2024-07-22}
  Assets:US:Vanguard:Cash                         -360.10 USD

2024-08-02 * "Employer match for contribution"
  Assets:US:Vanguard:Cash                          250.00 USD
  Income:US:Babble:Match401k                      -250.00 USD

2024-08-05 * "Investing 40% of cash in VBMPX"
  Assets:US:Vanguard:VBMPX                          3.085 VBMPX {64.82 USD, 2024-08-05}
  Assets:US:Vanguard:Cash                         -199.97 USD

2024-08-05 * "Investing 60% of cash in RGAGX"
  Assets:US:Vanguard:RGAGX                          1.671 RGAGX {179.55 USD, 2024-08-05}
  Assets:US:Vanguard:Cash                         -300.03 USD

2024-08-05 * "Investing 40% of cash in VBMPX"
  Assets:US:Vanguard:VBMPX                          1.542 VBMPX {64.82 USD, 2024-08-05}
  Assets:US:Vanguard:Cash                          -99.95 USD

2024-08-05 * "Investing 60% of cash in RGAGX"
  Assets:US:Vanguard:RGAGX                          0.835 RGAGX {179.55 USD, 2024-08-05}
  Assets:US:Vanguard:Cash                         -149.92 USD



* Sources of Income

2022-01-01 open Income:US:Babble:Salary                      USD
2022-01-01 open Income:US:Babble:GroupTermLife               USD
2022-01-01 open Income:US:Babble:Vacation                    VACHR
2022-01-01 open Assets:US:Babble:Vacation                    VACHR
2022-01-01 open Expenses:Vacation                               VACHR
2022-01-01 open Expenses:Health:Life:GroupTermLife
2022-01-01 open Expenses:Health:Medical:Insurance
2022-01-01 open Expenses:Health:Dental:Insurance
2022-01-01 open Expenses:Health:Vision:Insurance

2022-01-01 event "employer" "Babble, 1 Continuous Loop, Bupertina, CA"

2022-01-06 * "Babble" "Payroll"
  Assets:US:BofA:Checking                         1350.60 USD
  Assets:US:Vanguard:Cash                         1200.00 USD
  Income:US:Babble:Salary                        -4615.38 USD
  Income:US:Babble:GroupTermLife                   -24.32 USD
  Expenses:Health:Life:GroupTermLife                24.32 USD
  Expenses:Health:Dental:Insurance                   2.90 USD
  Expenses:Health:Medical:Insurance                 27.38 USD
  Expenses:Health:Vision:Insurance                  42.30 USD
  Expenses:Taxes:Y2022:US:Medicare                 106.62 USD
  Expenses:Taxes:Y2022:US:Federal                 1062.92 USD
  Expenses:Taxes:Y2022:US:State                    365.08 USD
  Expenses:Taxes:Y2022:US:CityNYC                  174.92 USD
  Expenses:Taxes:Y2022:US:SDI                        1.12 USD
  Expenses:Taxes:Y2022:US:SocSec                   281.54 USD
  Assets:US:Federal:PreTax401k                   -1200.00 IRAUSD
  Expenses:Taxes:Y2022:US:Federal:PreTax401k      1200.00 IRAUSD
  Assets:US:Babble:Vacation                             5 VACHR
  Income:US:Babble:Vacation                            -5 VACHR

2022-01-20 * "Babble" "Payroll"
  Assets:US:BofA:Checking                         1350.60 USD
  Assets:US:Vanguard:Cash                         1200.00 USD
  Income:US:Babble:Salary                        -4615.38 USD
  Income:US:Babble:GroupTermLife                   -24.32 USD
  Expenses:Health:Life:GroupTermLife                24.32 USD
  Expenses:Health:Dental:Insurance                   2.90 USD
  Expenses:Health:Medical:Insurance                 27.38 USD
  Expenses:Health:Vision:Insurance                  42.30 USD
  Expenses:Taxes:Y2022:US:Medicare                 106.62 USD
  Expenses:Taxes:Y2022:US:Federal                 1062.92 USD
  Expenses:Taxes:Y2022:US:State                    365.08 USD
  Expenses:Taxes:Y2022:US:CityNYC                  174.92 USD
  Expenses:Taxes:Y2022:US:SDI                        1.12 USD
  Expenses:Taxes:Y2022:US:SocSec                   281.54 USD
  Assets:US:Federal:PreTax401k                   -1200.00 IRAUSD
  Expenses:Taxes:Y2022:US:Federal:PreTax401k      1200.00 IRAUSD
  Assets:US:Babble:Vacation                             5 VACHR
  Income:US:Babble:Vacation                            -5 VACHR

2022-02-03 * "Babble" "Payroll"
  Assets:US:BofA:Checking                         1350.60 USD
  Assets:US:Vanguard:Cash                         1200.00 USD
  Income:US:Babble:Salary                        -4615.38 USD
  Income:US:Babble:GroupTermLife                   -24.32 USD
  Expenses:Health:Life:GroupTermLife                24.32 USD
  Expenses:Health:Dental:Insurance                   2.90 USD
  Expenses:Health:Medical:Insurance                 27.38 USD
  Expenses:Health:Vision:Insurance                  42.30 USD
  Expenses:Taxes:Y2022:US:Medicare                 106.62 USD
  Expenses:Taxes:Y2022:US:Federal                 1062.92 USD
  Expenses:Taxes:Y2022:US:State                    365.08 USD
  Expenses:Taxes:Y2022:US:CityNYC                  174.92 USD
  Expenses:Taxes:Y2022:US:SDI                        1.12 USD
  Expenses:Taxes:Y2022:US:SocSec                   281.54 USD
  Assets:US:Federal:PreTax401k                   -1200.00 IRAUSD
  Expenses:Taxes:Y2022:US:Federal:PreTax401k      1200.00 IRAUSD
  Assets:US:Babble:Vacation                             5 VACHR
  Income:US:Babble:Vacation                            -5 VACHR

2022-02-17 * "Babble" "Payroll"
  Assets:US:BofA:Checking                         1350.60 USD
  Assets:US:Vanguard:Cash                         1200.00 USD
  Income:US:Babble:Salary                        -4615.38 USD
  Income:US:Babble:GroupTermLife                   -24.32 USD
  Expenses:Health:Life:GroupTermLife                24.32 USD
  Expenses:Health:Dental:Insurance                   2.90 USD
  Expenses:Health:Medical:Insurance                 27.38 USD
  Expenses:Health:Vision:Insurance                  42.30 USD
  Expenses:Taxes:Y2022:US:Medicare                 106.62 USD
  Expenses:Taxes:Y2022:US:Federal                 1062.92 USD
  Expenses:Taxes:Y2022:US:State                    365.08 USD
  Expenses:Taxes:Y2022:US:CityNYC                  174.92 USD
  Expenses:Taxes:Y2022:US:SDI                        1.12 USD
  Expenses:Taxes:Y2022:US:SocSec                   281.54 USD
  Assets:US:Federal:PreTax401k                   -1200.00 IRAUSD
  Expenses:Taxes:Y2022:US:Federal:PreTax401k      1200.00 IRAUSD
  Assets:US:Babble:Vacation                             5 VACHR
  Income:US:Babble:Vacation                            -5 VACHR

2022-03-03 * "Babble" "Payroll"
  Assets:US:BofA:Checking                         1350.60 USD
  Assets:US:Vanguard:Cash                         1200.00 USD
  Income:US:Babble:Salary                        -4615.38 USD
  Income:US:Babble:GroupTermLife                   -24.32 USD
  Expenses:Health:Life:GroupTermLife                24.32 USD
  Expenses:Health:Dental:Insurance                   2.90 USD
  Expenses:Health:Medical:Insurance                 27.38 USD
  Expenses:Health:Vision:Insurance                  42.30 USD
  Expenses:Taxes:Y2022:US:Medicare                 106.62 USD
  Expenses:Taxes:Y2022:US:Federal                 1062.92 USD
  Expenses:Taxes:Y2022:US:State                    365.08 USD
  Expenses:Taxes:Y2022:US:CityNYC                  174.92 USD
  Expenses:Taxes:Y2022:US:SDI                        1.12 USD
  Expenses:Taxes:Y2022:US:SocSec                   281.54 USD
  Assets:US:Federal:PreTax401k                   -1200.00 IRAUSD
  Expenses:Taxes:Y2022:US:Federal:PreTax401k      1200.00 IRAUSD
  Assets:US:Babble:Vacation                             5 VACHR
  Income:US:Babble:Vacation                            -5 VACHR

2022-03-17 * "Babble" "Payroll"
  Assets:US:BofA:Checking                         1350.60 USD
  Assets:US:Vanguard:Cash                         1200.00 USD
  Income:US:Babble:Salary                        -4615.38 USD
  Income:US:Babble:GroupTermLife                   -24.32 USD
  Expenses:Health:Life:GroupTermLife                24.32 USD
  Expenses:Health:Dental:Insurance                   2.90 USD
  Expenses:Health:Medical:Insurance                 27.38 USD
  Expenses:Health:Vision:Insurance                  42.30 USD
  Expenses:Taxes:Y2022:US:Medicare                 106.62 USD
  Expenses:Taxes:Y2022:US:Federal                 1062.92 USD
  Expenses:Taxes:Y2022:US:State                    365.08 USD
  Expenses:Taxes:Y2022:US:CityNYC                  174.92 USD
  Expenses:Taxes:Y2022:US:SDI                        1.12 USD
  Expenses:Taxes:Y2022:US:SocSec                   281.54 USD
  Assets:US:Federal:PreTax401k                   -1200.00 IRAUSD
  Expenses:Taxes:Y2022:US:Federal:PreTax401k      1200.00 IRAUSD
  Assets:US:Babble:Vacation                             5 VACHR
  Income:US:Babble:Vacation                            -5 VACHR

2022-03-31 * "Babble" "Payroll"
  Assets:US:BofA:Checking                         1350.60 USD
  Assets:US:Vanguard:Cash                         1200.00 USD
  Income:US:Babble:Salary                        -4615.38 USD
  Income:US:Babble:GroupTermLife                   -24.32 USD
  Expenses:Health:Life:GroupTermLife                24.32 USD
  Expenses:Health:Dental:Insurance                   2.90 USD
  Expenses:Health:Medical:Insurance                 27.38 USD
  Expenses:Health:Vision:Insurance                  42.30 USD
  Expenses:Taxes:Y2022:US:Medicare                 106.62 USD
  Expenses:Taxes:Y2022:US:Federal                 1062.92 USD
  Expenses:Taxes:Y2022:US:State                    365.08 USD
  Expenses:Taxes:Y2022:US:CityNYC                  174.92 USD
  Expenses:Taxes:Y2022:US:SDI                        1.12 USD
  Expenses:Taxes:Y2022:US:SocSec                   281.54 USD
  Assets:US:Federal:PreTax401k                   -1200.00 IRAUSD
  Expenses:Taxes:Y2022:US:Federal:PreTax401k      1200.00 IRAUSD
  Assets:US:Babble:Vacation                             5 VACHR
  Income:US:Babble:Vacation                            -5 VACHR

2022-04-14 * "Babble" "Payroll"
  Assets:US:BofA:Checking                         1350.60 USD
  Assets:US:Vanguard:Cash                         1200.00 USD
  Income:US:Babble:Salary                        -4615.38 USD
  Income:US:Babble:GroupTermLife                   -24.32 USD
  Expenses:Health:Life:GroupTermLife                24.32 USD
  Expenses:Health:Dental:Insurance                   2.90 USD
  Expenses:Health:Medical:Insurance                 27.38 USD
  Expenses:Health:Vision:Insurance                  42.30 USD
  Expenses:Taxes:Y2022:US:Medicare                 106.62 USD
  Expenses:Taxes:Y2022:US:Federal                 1062.92 USD
  Expenses:Taxes:Y2022:US:State                    365.08 USD
  Expenses:Taxes:Y2022:US:CityNYC                  174.92 USD
  Expenses:Taxes:Y2022:US:SDI                        1.12 USD
  Expenses:Taxes:Y2022:US:SocSec                   281.54 USD
  Assets:US:Federal:PreTax401k                   -1200.00 IRAUSD
  Expenses:Taxes:Y2022:US:Federal:PreTax401k      1200.00 IRAUSD
  Assets:US:Babble:Vacation                             5 VACHR
  Income:US:Babble:Vacation                            -5 VACHR

2022-04-28 * "Babble" "Payroll"
  Assets:US:BofA:Checking                         1350.60 USD
  Assets:US:Vanguard:Cash                         1200.00 USD
  Income:US:Babble:Salary                        -4615.38 USD
  Income:US:Babble:GroupTermLife                   -24.32 USD
  Expenses:Health:Life:GroupTermLife                24.32 USD
  Expenses:Health:Dental:Insurance                   2.90 USD
  Expenses:Health:Medical:Insurance                 27.38 USD
  Expenses:Health:Vision:Insurance                  42.30 USD
  Expenses:Taxes:Y2022:US:Medicare                 106.62 USD
  Expenses:Taxes:Y2022:US:Federal                 1062.92 USD
  Expenses:Taxes:Y2022:US:State                    365.08 USD
  Expenses:Taxes:Y2022:US:CityNYC                  174.92 USD
  Expenses:Taxes:Y2022:US:SDI                        1.12 USD
  Expenses:Taxes:Y2022:US:SocSec                   281.54 USD
  Assets:US:Federal:PreTax401k                   -1200.00 IRAUSD
  Expenses:Taxes:Y2022:US:Federal:PreTax401k      1200.00 IRAUSD
  Assets:US:Babble:Vacation                             5 VACHR
  Income:US:Babble:Vacation                            -5 VACHR

2022-05-12 * "Babble" "Payroll"
  Assets:US:BofA:Checking                         1350.60 USD
  Assets:US:Vanguard:Cash                         1200.00 USD
  Income:US:Babble:Salary                        -4615.38 USD
  Income:US:Babble:GroupTermLife                   -24.32 USD
  Expenses:Health:Life:GroupTermLife                24.32 USD
  Expenses:Health:Dental:Insurance                   2.90 USD
  Expenses:Health:Medical:Insurance                 27.38 USD
  Expenses:Health:Vision:Insurance                  42.30 USD
  Expenses:Taxes:Y2022:US:Medicare                 106.62 USD
  Expenses:Taxes:Y2022:US:Federal                 1062.92 USD
  Expenses:Taxes:Y2022:US:State                    365.08 USD
  Expenses:Taxes:Y2022:US:CityNYC                  174.92 USD
  Expenses:Taxes:Y2022:US:SDI                        1.12 USD
  Expenses:Taxes:Y2022:US:SocSec                   281.54 USD
  Assets:US:Federal:PreTax401k                   -1200.00 IRAUSD
  Expenses:Taxes:Y2022:US:Federal:PreTax401k      1200.00 IRAUSD
  Assets:US:Babble:Vacation                             5 VACHR
  Income:US:Babble:Vacation                            -5 VACHR

2022-05-26 * "Babble" "Payroll"
  Assets:US:BofA:Checking                         1350.60 USD
  Assets:US:Vanguard:Cash                         1200.00 USD
  Income:US:Babble:Salary                        -4615.38 USD
  Income:US:Babble:GroupTermLife                   -24.32 USD
  Expenses:Health:Life:GroupTermLife                24.32 USD
  Expenses:Health:Dental:Insurance                   2.90 USD
  Expenses:Health:Medical:Insurance                 27.38 USD
  Expenses:Health:Vision:Insurance                  42.30 USD
  Expenses:Taxes:Y2022:US:Medicare                 106.62 USD
  Expenses:Taxes:Y2022:US:Federal                 1062.92 USD
  Expenses:Taxes:Y2022:US:State                    365.08 USD
  Expenses:Taxes:Y2022:US:CityNYC                  174.92 USD
  Expenses:Taxes:Y2022:US:SDI                        1.12 USD
  Expenses:Taxes:Y2022:US:SocSec                   281.54 USD
  Assets:US:Federal:PreTax401k                   -1200.00 IRAUSD
  Expenses:Taxes:Y2022:US:Federal:PreTax401k      1200.00 IRAUSD
  Assets:US:Babble:Vacation                             5 VACHR
  Income:US:Babble:Vacation                            -5 VACHR

2022-06-09 * "Babble" "Payroll"
  Assets:US:BofA:Checking                         1350.60 USD
  Assets:US:Vanguard:Cash                         1200.00 USD
  Income:US:Babble:Salary                        -4615.38 USD
  Income:US:Babble:GroupTermLife                   -24.32 USD
  Expenses:Health:Life:GroupTermLife                24.32 USD
  Expenses:Health:Dental:Insurance                   2.90 USD
  Expenses:Health:Medical:Insurance                 27.38 USD
  Expenses:Health:Vision:Insurance                  42.30 USD
  Expenses:Taxes:Y2022:US:Medicare                 106.62 USD
  Expenses:Taxes:Y2022:US:Federal                 1062.92 USD
  Expenses:Taxes:Y2022:US:State                    365.08 USD
  Expenses:Taxes:Y2022:US:CityNYC                  174.92 USD
  Expenses:Taxes:Y2022:US:SDI                        1.12 USD
  Expenses:Taxes:Y2022:US:SocSec                   281.54 USD
  Assets:US:Federal:PreTax401k                   -1200.00 IRAUSD
  Expenses:Taxes:Y2022:US:Federal:PreTax401k      1200.00 IRAUSD
  Assets:US:Babble:Vacation                             5 VACHR
  Income:US:Babble:Vacation                            -5 VACHR

2022-06-23 * "Babble" "Payroll"
  Assets:US:BofA:Checking                         1350.60 USD
  Assets:US:Vanguard:Cash                         1200.00 USD
  Income:US:Babble:Salary                        -4615.38 USD
  Income:US:Babble:GroupTermLife                   -24.32 USD
  Expenses:Health:Life:GroupTermLife                24.32 USD
  Expenses:Health:Dental:Insurance                   2.90 USD
  Expenses:Health:Medical:Insurance                 27.38 USD
  Expenses:Health:Vision:Insurance                  42.30 USD
  Expenses:Taxes:Y2022:US:Medicare                 106.62 USD
  Expenses:Taxes:Y2022:US:Federal                 1062.92 USD
  Expenses:Taxes:Y2022:US:State                    365.08 USD
  Expenses:Taxes:Y2022:US:CityNYC                  174.92 USD
  Expenses:Taxes:Y2022:US:SDI                        1.12 USD
  Expenses:Taxes:Y2022:US:SocSec                   281.54 USD
  Assets:US:Federal:PreTax401k                   -1200.00 IRAUSD
  Expenses:Taxes:Y2022:US:Federal:PreTax401k      1200.00 IRAUSD
  Assets:US:Babble:Vacation                             5 VACHR
  Income:US:Babble:Vacation                            -5 VACHR

2022-07-07 * "Babble" "Payroll"
  Assets:US:BofA:Checking                         1350.60 USD
  Assets:US:Vanguard:Cash                         1200.00 USD
  Income:US:Babble:Salary                        -4615.38 USD
  Income:US:Babble:GroupTermLife                   -24.32 USD
  Expenses:Health:Life:GroupTermLife                24.32 USD
  Expenses:Health:Dental:Insurance                   2.90 USD
  Expenses:Health:Medical:Insurance                 27.38 USD
  Expenses:Health:Vision:Insurance                  42.30 USD
  Expenses:Taxes:Y2022:US:Medicare                 106.62 USD
  Expenses:Taxes:Y2022:US:Federal                 1062.92 USD
  Expenses:Taxes:Y2022:US:State                    365.08 USD
  Expenses:Taxes:Y2022:US:CityNYC                  174.92 USD
  Expenses:Taxes:Y2022:US:SDI                        1.12 USD
  Expenses:Taxes:Y2022:US:SocSec                   281.54 USD
  Assets:US:Federal:PreTax401k                   -1200.00 IRAUSD
  Expenses:Taxes:Y2022:US:Federal:PreTax401k      1200.00 IRAUSD
  Assets:US:Babble:Vacation                             5 VACHR
  Income:US:Babble:Vacation                            -5 VACHR

2022-07-21 * "Babble" "Payroll"
  Assets:US:BofA:Checking                         1350.60 USD
  Assets:US:Vanguard:Cash                         1200.00 USD
  Income:US:Babble:Salary                        -4615.38 USD
  Income:US:Babble:GroupTermLife                   -24.32 USD
  Expenses:Health:Life:GroupTermLife                24.32 USD
  Expenses:Health:Dental:Insurance                   2.90 USD
  Expenses:Health:Medical:Insurance                 27.38 USD
  Expenses:Health:Vision:Insurance                  42.30 USD
  Expenses:Taxes:Y2022:US:Medicare                 106.62 USD
  Expenses:Taxes:Y2022:US:Federal                 1062.92 USD
  Expenses:Taxes:Y2022:US:State                    365.08 USD
  Expenses:Taxes:Y2022:US:CityNYC                  174.92 USD
  Expenses:Taxes:Y2022:US:SDI                        1.12 USD
  Expenses:Taxes:Y2022:US:SocSec                   281.54 USD
  Assets:US:Federal:PreTax401k                   -1200.00 IRAUSD
  Expenses:Taxes:Y2022:US:Federal:PreTax401k      1200.00 IRAUSD
  Assets:US:Babble:Vacation                             5 VACHR
  Income:US:Babble:Vacation                            -5 VACHR

2022-08-04 * "Babble" "Payroll"
  Assets:US:BofA:Checking                         2050.60 USD
  Assets:US:Vanguard:Cash                          500.00 USD
  Income:US:Babble:Salary                        -4615.38 USD
  Income:US:Babble:GroupTermLife                   -24.32 USD
  Expenses:Health:Life:GroupTermLife                24.32 USD
  Expenses:Health:Dental:Insurance                   2.90 USD
  Expenses:Health:Medical:Insurance                 27.38 USD
  Expenses:Health:Vision:Insurance                  42.30 USD
  Expenses:Taxes:Y2022:US:Medicare                 106.62 USD
  Expenses:Taxes:Y2022:US:Federal                 1062.92 USD
  Expenses:Taxes:Y2022:US:State                    365.08 USD
  Expenses:Taxes:Y2022:US:CityNYC                  174.92 USD
  Expenses:Taxes:Y2022:US:SDI                        1.12 USD
  Expenses:Taxes:Y2022:US:SocSec                   281.54 USD
  Assets:US:Federal:PreTax401k                    -500.00 IRAUSD
  Expenses:Taxes:Y2022:US:Federal:PreTax401k       500.00 IRAUSD
  Assets:US:Babble:Vacation                             5 VACHR
  Income:US:Babble:Vacation                            -5 VACHR

2022-08-18 * "Babble" "Payroll"
  Assets:US:BofA:Checking                         2550.60 USD
  Income:US:Babble:Salary                        -4615.38 USD
  Income:US:Babble:GroupTermLife                   -24.32 USD
  Expenses:Health:Life:GroupTermLife                24.32 USD
  Expenses:Health:Dental:Insurance                   2.90 USD
  Expenses:Health:Medical:Insurance                 27.38 USD
  Expenses:Health:Vision:Insurance                  42.30 USD
  Expenses:Taxes:Y2022:US:Medicare                 106.62 USD
  Expenses:Taxes:Y2022:US:Federal                 1062.92 USD
  Expenses:Taxes:Y2022:US:State                    365.08 USD
  Expenses:Taxes:Y2022:US:CityNYC                  174.92 USD
  Expenses:Taxes:Y2022:US:SDI                        1.12 USD
  Expenses:Taxes:Y2022:US:SocSec                   281.54 USD
  Assets:US:Federal:PreTax401k                       0.00 IRAUSD
  Assets:US:Babble:Vacation                             5 VACHR
  Income:US:Babble:Vacation                            -5 VACHR

2022-09-01 * "Babble" "Payroll"
  Assets:US:BofA:Checking                         2550.60 USD
  Income:US:Babble:Salary                        -4615.38 USD
  Income:US:Babble:GroupTermLife                   -24.32 USD
  Expenses:Health:Life:GroupTermLife                24.32 USD
  Expenses:Health:Dental:Insurance                   2.90 USD
  Expenses:Health:Medical:Insurance                 27.38 USD
  Expenses:Health:Vision:Insurance                  42.30 USD
  Expenses:Taxes:Y2022:US:Medicare                 106.62 USD
  Expenses:Taxes:Y2022:US:Federal                 1062.92 USD
  Expenses:Taxes:Y2022:US:State                    365.08 USD
  Expenses:Taxes:Y2022:US:CityNYC                  174.92 USD
  Expenses:Taxes:Y2022:US:SDI                        1.12 USD
  Expenses:Taxes:Y2022:US:SocSec                   281.54 USD
  Assets:US:Federal:PreTax401k                       0.00 IRAUSD
  Assets:US:Babble:Vacation                             5 VACHR
  Income:US:Babble:Vacation                            -5 VACHR

2022-09-15 * "Babble" "Payroll"
  Assets:US:BofA:Checking                         2550.60 USD
  Income:US:Babble:Salary                        -4615.38 USD
  Income:US:Babble:GroupTermLife                   -24.32 USD
  Expenses:Health:Life:GroupTermLife                24.32 USD
  Expenses:Health:Dental:Insurance                   2.90 USD
  Expenses:Health:Medical:Insurance                 27.38 USD
  Expenses:Health:Vision:Insurance                  42.30 USD
  Expenses:Taxes:Y2022:US:Medicare                 106.62 USD
  Expenses:Taxes:Y2022:US:Federal                 1062.92 USD
  Expenses:Taxes:Y2022:US:State                    365.08 USD
  Expenses:Taxes:Y2022:US:CityNYC                  174.92 USD
  Expenses:Taxes:Y2022:US:SDI                        1.12 USD
  Expenses:Taxes:Y2022:US:SocSec                   281.54 USD
  Assets:US:Federal:PreTax401k                       0.00 IRAUSD
  Assets:US:Babble:Vacation                             5 VACHR
  Income:US:Babble:Vacation                            -5 VACHR

2022-09-29 * "Babble" "Payroll"
  Assets:US:BofA:Checking                         2550.60 USD
  Income:US:Babble:Salary                        -4615.38 USD
  Income:US:Babble:GroupTermLife                   -24.32 USD
  Expenses:Health:Life:GroupTermLife                24.32 USD
  Expenses:Health:Dental:Insurance                   2.90 USD
  Expenses:Health:Medical:Insurance                 27.38 USD
  Expenses:Health:Vision:Insurance                  42.30 USD
  Expenses:Taxes:Y2022:US:Medicare                 106.62 USD
  Expenses:Taxes:Y2022:US:Federal                 1062.92 USD
  Expenses:Taxes:Y2022:US:State                    365.08 USD
  Expenses:Taxes:Y2022:US:CityNYC                  174.92 USD
  Expenses:Taxes:Y2022:US:SDI                        1.12 USD
  Expenses:Taxes:Y2022:US:SocSec                   281.54 USD
  Assets:US:Federal:PreTax401k                       0.00 IRAUSD
  Assets:US:Babble:Vacation                             5 VACHR
  Income:US:Babble:Vacation                            -5 VACHR

2022-10-13 * "Babble" "Payroll"
  Assets:US:BofA:Checking                         2550.60 USD
  Income:US:Babble:Salary                        -4615.38 USD
  Income:US:Babble:GroupTermLife                   -24.32 USD
  Expenses:Health:Life:GroupTermLife                24.32 USD
  Expenses:Health:Dental:Insurance                   2.90 USD
  Expenses:Health:Medical:Insurance                 27.38 USD
  Expenses:Health:Vision:Insurance                  42.30 USD
  Expenses:Taxes:Y2022:US:Medicare                 106.62 USD
  Expenses:Taxes:Y2022:US:Federal                 1062.92 USD
  Expenses:Taxes:Y2022:US:State                    365.08 USD
  Expenses:Taxes:Y2022:US:CityNYC                  174.92 USD
  Expenses:Taxes:Y2022:US:SDI                        1.12 USD
  Expenses:Taxes:Y2022:US:SocSec                   281.54 USD
  Assets:US:Federal:PreTax401k                       0.00 IRAUSD
  Assets:US:Babble:Vacation                             5 VACHR
  Income:US:Babble:Vacation                            -5 VACHR

2022-10-27 * "Babble" "Payroll"
  Assets:US:BofA:Checking                         2550.60 USD
  Income:US:Babble:Salary                        -4615.38 USD
  Income:US:Babble:GroupTermLife                   -24.32 USD
  Expenses:Health:Life:GroupTermLife                24.32 USD
  Expenses:Health:Dental:Insurance                   2.90 USD
  Expenses:Health:Medical:Insurance                 27.38 USD
  Expenses:Health:Vision:Insurance                  42.30 USD
  Expenses:Taxes:Y2022:US:Medicare                 106.62 USD
  Expenses:Taxes:Y2022:US:Federal                 1062.92 USD
  Expenses:Taxes:Y2022:US:State                    365.08 USD
  Expenses:Taxes:Y2022:US:CityNYC                  174.92 USD
  Expenses:Taxes:Y2022:US:SDI                        1.12 USD
  Expenses:Taxes:Y2022:US:SocSec                   281.54 USD
  Assets:US:Federal:PreTax401k                       0.00 IRAUSD
  Assets:US:Babble:Vacation                             5 VACHR
  Income:US:Babble:Vacation                            -5 VACHR

2022-11-10 * "Babble" "Payroll"
  Assets:US:BofA:Checking                         2550.60 USD
  Income:US:Babble:Salary                        -4615.38 USD
  Income:US:Babble:GroupTermLife                   -24.32 USD
  Expenses:Health:Life:GroupTermLife                24.32 USD
  Expenses:Health:Dental:Insurance                   2.90 USD
  Expenses:Health:Medical:Insurance                 27.38 USD
  Expenses:Health:Vision:Insurance                  42.30 USD
  Expenses:Taxes:Y2022:US:Medicare                 106.62 USD
  Expenses:Taxes:Y2022:US:Federal                 1062.92 USD
  Expenses:Taxes:Y2022:US:State                    365.08 USD
  Expenses:Taxes:Y2022:US:CityNYC                  174.92 USD
  Expenses:Taxes:Y2022:US:SDI                        1.12 USD
  Expenses:Taxes:Y2022:US:SocSec                   281.54 USD
  Assets:US:Federal:PreTax401k                       0.00 IRAUSD
  Assets:US:Babble:Vacation                             5 VACHR
  Income:US:Babble:Vacation                            -5 VACHR

2022-11-24 * "Babble" "Payroll"
  Assets:US:BofA:Checking                         2550.60 USD
  Income:US:Babble:Salary                        -4615.38 USD
  Income:US:Babble:GroupTermLife                   -24.32 USD
  Expenses:Health:Life:GroupTermLife                24.32 USD
  Expenses:Health:Dental:Insurance                   2.90 USD
  Expenses:Health:Medical:Insurance                 27.38 USD
  Expenses:Health:Vision:Insurance                  42.30 USD
  Expenses:Taxes:Y2022:US:Medicare                 106.62 USD
  Expenses:Taxes:Y2022:US:Federal                 1062.92 USD
  Expenses:Taxes:Y2022:US:State                    365.08 USD
  Expenses:Taxes:Y2022:US:CityNYC                  174.92 USD
  Expenses:Taxes:Y2022:US:SDI                        1.12 USD
  Expenses:Taxes:Y2022:US:SocSec                   281.54 USD
  Assets:US:Federal:PreTax401k                       0.00 IRAUSD
  Assets:US:Babble:Vacation                             5 VACHR
  Income:US:Babble:Vacation                            -5 VACHR

2022-12-08 * "Babble" "Payroll"
  Assets:US:BofA:Checking                         2589.06 USD
  Income:US:Babble:Salary                        -4615.38 USD
  Income:US:Babble:GroupTermLife                   -24.32 USD
  Expenses:Health:Life:GroupTermLife                24.32 USD
  Expenses:Health:Dental:Insurance                   2.90 USD
  Expenses:Health:Medical:Insurance                 27.38 USD
  Expenses:Health:Vision:Insurance                  42.30 USD
  Expenses:Taxes:Y2022:US:Medicare                 106.62 USD
  Expenses:Taxes:Y2022:US:Federal                 1062.92 USD
  Expenses:Taxes:Y2022:US:State                    365.08 USD
  Expenses:Taxes:Y2022:US:CityNYC                  174.92 USD
  Expenses:Taxes:Y2022:US:SDI                        1.12 USD
  Expenses:Taxes:Y2022:US:SocSec                   243.08 USD
  Assets:US:Federal:PreTax401k                       0.00 IRAUSD
  Assets:US:Babble:Vacation                             5 VACHR
  Income:US:Babble:Vacation                            -5 VACHR

2022-12-22 * "Babble" "Payroll"
  Assets:US:BofA:Checking                         2832.14 USD
  Income:US:Babble:Salary                        -4615.38 USD
  Income:US:Babble:GroupTermLife                   -24.32 USD
  Expenses:Health:Life:GroupTermLife                24.32 USD
  Expenses:Health:Dental:Insurance                   2.90 USD
  Expenses:Health:Medical:Insurance                 27.38 USD
  Expenses:Health:Vision:Insurance                  42.30 USD
  Expenses:Taxes:Y2022:US:Medicare                 106.62 USD
  Expenses:Taxes:Y2022:US:Federal                 1062.92 USD
  Expenses:Taxes:Y2022:US:State                    365.08 USD
  Expenses:Taxes:Y2022:US:CityNYC                  174.92 USD
  Expenses:Taxes:Y2022:US:SDI                        1.12 USD
  Expenses:Taxes:Y2022:US:SocSec                     0.00 USD
  Assets:US:Federal:PreTax401k                       0.00 IRAUSD
  Assets:US:Babble:Vacation                             5 VACHR
  Income:US:Babble:Vacation                            -5 VACHR

2023-01-05 * "Babble" "Payroll"
  Assets:US:BofA:Checking                         1350.60 USD
  Assets:US:Vanguard:Cash                         1200.00 USD
  Income:US:Babble:Salary                        -4615.38 USD
  Income:US:Babble:GroupTermLife                   -24.32 USD
  Expenses:Health:Life:GroupTermLife                24.32 USD
  Expenses:Health:Dental:Insurance                   2.90 USD
  Expenses:Health:Medical:Insurance                 27.38 USD
  Expenses:Health:Vision:Insurance                  42.30 USD
  Expenses:Taxes:Y2023:US:Medicare                 106.62 USD
  Expenses:Taxes:Y2023:US:Federal                 1062.92 USD
  Expenses:Taxes:Y2023:US:State                    365.08 USD
  Expenses:Taxes:Y2023:US:CityNYC                  174.92 USD
  Expenses:Taxes:Y2023:US:SDI                        1.12 USD
  Expenses:Taxes:Y2023:US:SocSec                   281.54 USD
  Assets:US:Federal:PreTax401k                   -1200.00 IRAUSD
  Expenses:Taxes:Y2023:US:Federal:PreTax401k      1200.00 IRAUSD
  Assets:US:Babble:Vacation                             5 VACHR
  Income:US:Babble:Vacation                            -5 VACHR

2023-01-19 * "Babble" "Payroll"
  Assets:US:BofA:Checking                         1350.60 USD
  Assets:US:Vanguard:Cash                         1200.00 USD
  Income:US:Babble:Salary                        -4615.38 USD
  Income:US:Babble:GroupTermLife                   -24.32 USD
  Expenses:Health:Life:GroupTermLife                24.32 USD
  Expenses:Health:Dental:Insurance                   2.90 USD
  Expenses:Health:Medical:Insurance                 27.38 USD
  Expenses:Health:Vision:Insurance                  42.30 USD
  Expenses:Taxes:Y2023:US:Medicare                 106.62 USD
  Expenses:Taxes:Y2023:US:Federal                 1062.92 USD
  Expenses:Taxes:Y2023:US:State                    365.08 USD
  Expenses:Taxes:Y2023:US:CityNYC                  174.92 USD
  Expenses:Taxes:Y2023:US:SDI                        1.12 USD
  Expenses:Taxes:Y2023:US:SocSec                   281.54 USD
  Assets:US:Federal:PreTax401k                   -1200.00 IRAUSD
  Expenses:Taxes:Y2023:US:Federal:PreTax401k      1200.00 IRAUSD
  Assets:US:Babble:Vacation                             5 VACHR
  Income:US:Babble:Vacation                            -5 VACHR

2023-02-02 * "Babble" "Payroll"
  Assets:US:BofA:Checking                         1350.60 USD
  Assets:US:Vanguard:Cash                         1200.00 USD
  Income:US:Babble:Salary                        -4615.38 USD
  Income:US:Babble:GroupTermLife                   -24.32 USD
  Expenses:Health:Life:GroupTermLife                24.32 USD
  Expenses:Health:Dental:Insurance                   2.90 USD
  Expenses:Health:Medical:Insurance                 27.38 USD
  Expenses:Health:Vision:Insurance                  42.30 USD
  Expenses:Taxes:Y2023:US:Medicare                 106.62 USD
  Expenses:Taxes:Y2023:US:Federal                 1062.92 USD
  Expenses:Taxes:Y2023:US:State                    365.08 USD
  Expenses:Taxes:Y2023:US:CityNYC                  174.92 USD
  Expenses:Taxes:Y2023:US:SDI                        1.12 USD
  Expenses:Taxes:Y2023:US:SocSec                   281.54 USD
  Assets:US:Federal:PreTax401k                   -1200.00 IRAUSD
  Expenses:Taxes:Y2023:US:Federal:PreTax401k      1200.00 IRAUSD
  Assets:US:Babble:Vacation                             5 VACHR
  Income:US:Babble:Vacation                            -5 VACHR

2023-02-16 * "Babble" "Payroll"
  Assets:US:BofA:Checking                         1350.60 USD
  Assets:US:Vanguard:Cash                         1200.00 USD
  Income:US:Babble:Salary                        -4615.38 USD
  Income:US:Babble:GroupTermLife                   -24.32 USD
  Expenses:Health:Life:GroupTermLife                24.32 USD
  Expenses:Health:Dental:Insurance                   2.90 USD
  Expenses:Health:Medical:Insurance                 27.38 USD
  Expenses:Health:Vision:Insurance                  42.30 USD
  Expenses:Taxes:Y2023:US:Medicare                 106.62 USD
  Expenses:Taxes:Y2023:US:Federal                 1062.92 USD
  Expenses:Taxes:Y2023:US:State                    365.08 USD
  Expenses:Taxes:Y2023:US:CityNYC                  174.92 USD
  Expenses:Taxes:Y2023:US:SDI                        1.12 USD
  Expenses:Taxes:Y2023:US:SocSec                   281.54 USD
  Assets:US:Federal:PreTax401k                   -1200.00 IRAUSD
  Expenses:Taxes:Y2023:US:Federal:PreTax401k      1200.00 IRAUSD
  Assets:US:Babble:Vacation                             5 VACHR
  Income:US:Babble:Vacation                            -5 VACHR

2023-03-02 * "Babble" "Payroll"
  Assets:US:BofA:Checking                         1350.60 USD
  Assets:US:Vanguard:Cash                         1200.00 USD
  Income:US:Babble:Salary                        -4615.38 USD
  Income:US:Babble:GroupTermLife                   -24.32 USD
  Expenses:Health:Life:GroupTermLife                24.32 USD
  Expenses:Health:Dental:Insurance                   2.90 USD
  Expenses:Health:Medical:Insurance                 27.38 USD
  Expenses:Health:Vision:Insurance                  42.30 USD
  Expenses:Taxes:Y2023:US:Medicare                 106.62 USD
  Expenses:Taxes:Y2023:US:Federal                 1062.92 USD
  Expenses:Taxes:Y2023:US:State                    365.08 USD
  Expenses:Taxes:Y2023:US:CityNYC                  174.92 USD
  Expenses:Taxes:Y2023:US:SDI                        1.12 USD
  Expenses:Taxes:Y2023:US:SocSec                   281.54 USD
  Assets:US:Federal:PreTax401k                   -1200.00 IRAUSD
  Expenses:Taxes:Y2023:US:Federal:PreTax401k      1200.00 IRAUSD
  Assets:US:Babble:Vacation                             5 VACHR
  Income:US:Babble:Vacation                            -5 VACHR

2023-03-16 * "Babble" "Payroll"
  Assets:US:BofA:Checking                         1350.60 USD
  Assets:US:Vanguard:Cash                         1200.00 USD
  Income:US:Babble:Salary                        -4615.38 USD
  Income:US:Babble:GroupTermLife                   -24.32 USD
  Expenses:Health:Life:GroupTermLife                24.32 USD
  Expenses:Health:Dental:Insurance                   2.90 USD
  Expenses:Health:Medical:Insurance                 27.38 USD
  Expenses:Health:Vision:Insurance                  42.30 USD
  Expenses:Taxes:Y2023:US:Medicare                 106.62 USD
  Expenses:Taxes:Y2023:US:Federal                 1062.92 USD
  Expenses:Taxes:Y2023:US:State                    365.08 USD
  Expenses:Taxes:Y2023:US:CityNYC                  174.92 USD
  Expenses:Taxes:Y2023:US:SDI                        1.12 USD
  Expenses:Taxes:Y2023:US:SocSec                   281.54 USD
  Assets:US:Federal:PreTax401k                   -1200.00 IRAUSD
  Expenses:Taxes:Y2023:US:Federal:PreTax401k      1200.00 IRAUSD
  Assets:US:Babble:Vacation                             5 VACHR
  Income:US:Babble:Vacation                            -5 VACHR

2023-03-30 * "Babble" "Payroll"
  Assets:US:BofA:Checking                         1350.60 USD
  Assets:US:Vanguard:Cash                         1200.00 USD
  Income:US:Babble:Salary                        -4615.38 USD
  Income:US:Babble:GroupTermLife                   -24.32 USD
  Expenses:Health:Life:GroupTermLife                24.32 USD
  Expenses:Health:Dental:Insurance                   2.90 USD
  Expenses:Health:Medical:Insurance                 27.38 USD
  Expenses:Health:Vision:Insurance                  42.30 USD
  Expenses:Taxes:Y2023:US:Medicare                 106.62 USD
  Expenses:Taxes:Y2023:US:Federal                 1062.92 USD
  Expenses:Taxes:Y2023:US:State                    365.08 USD
  Expenses:Taxes:Y2023:US:CityNYC                  174.92 USD
  Expenses:Taxes:Y2023:US:SDI                        1.12 USD
  Expenses:Taxes:Y2023:US:SocSec                   281.54 USD
  Assets:US:Federal:PreTax401k                   -1200.00 IRAUSD
  Expenses:Taxes:Y2023:US:Federal:PreTax401k      1200.00 IRAUSD
  Assets:US:Babble:Vacation                             5 VACHR
  Income:US:Babble:Vacation                            -5 VACHR

2023-04-13 * "Babble" "Payroll"
  Assets:US:BofA:Checking                         1350.60 USD
  Assets:US:Vanguard:Cash                         1200.00 USD
  Income:US:Babble:Salary                        -4615.38 USD
  Income:US:Babble:GroupTermLife                   -24.32 USD
  Expenses:Health:Life:GroupTermLife                24.32 USD
  Expenses:Health:Dental:Insurance                   2.90 USD
  Expenses:Health:Medical:Insurance                 27.38 USD
  Expenses:Health:Vision:Insurance                  42.30 USD
  Expenses:Taxes:Y2023:US:Medicare                 106.62 USD
  Expenses:Taxes:Y2023:US:Federal                 1062.92 USD
  Expenses:Taxes:Y2023:US:State                    365.08 USD
  Expenses:Taxes:Y2023:US:CityNYC                  174.92 USD
  Expenses:Taxes:Y2023:US:SDI                        1.12 USD
  Expenses:Taxes:Y2023:US:SocSec                   281.54 USD
  Assets:US:Federal:PreTax401k                   -1200.00 IRAUSD
  Expenses:Taxes:Y2023:US:Federal:PreTax401k      1200.00 IRAUSD
  Assets:US:Babble:Vacation                             5 VACHR
  Income:US:Babble:Vacation                            -5 VACHR

2023-04-27 * "Babble" "Payroll"
  Assets:US:BofA:Checking                         1350.60 USD
  Assets:US:Vanguard:Cash                         1200.00 USD
  Income:US:Babble:Salary                        -4615.38 USD
  Income:US:Babble:GroupTermLife                   -24.32 USD
  Expenses:Health:Life:GroupTermLife                24.32 USD
  Expenses:Health:Dental:Insurance                   2.90 USD
  Expenses:Health:Medical:Insurance                 27.38 USD
  Expenses:Health:Vision:Insurance                  42.30 USD
  Expenses:Taxes:Y2023:US:Medicare                 106.62 USD
  Expenses:Taxes:Y2023:US:Federal                 1062.92 USD
  Expenses:Taxes:Y2023:US:State                    365.08 USD
  Expenses:Taxes:Y2023:US:CityNYC                  174.92 USD
  Expenses:Taxes:Y2023:US:SDI                        1.12 USD
  Expenses:Taxes:Y2023:US:SocSec                   281.54 USD
  Assets:US:Federal:PreTax401k                   -1200.00 IRAUSD
  Expenses:Taxes:Y2023:US:Federal:PreTax401k      1200.00 IRAUSD
  Assets:US:Babble:Vacation                             5 VACHR
  Income:US:Babble:Vacation                            -5 VACHR

2023-05-11 * "Babble" "Payroll"
  Assets:US:BofA:Checking                         1350.60 USD
  Assets:US:Vanguard:Cash                         1200.00 USD
  Income:US:Babble:Salary                        -4615.38 USD
  Income:US:Babble:GroupTermLife                   -24.32 USD
  Expenses:Health:Life:GroupTermLife                24.32 USD
  Expenses:Health:Dental:Insurance                   2.90 USD
  Expenses:Health:Medical:Insurance                 27.38 USD
  Expenses:Health:Vision:Insurance                  42.30 USD
  Expenses:Taxes:Y2023:US:Medicare                 106.62 USD
  Expenses:Taxes:Y2023:US:Federal                 1062.92 USD
  Expenses:Taxes:Y2023:US:State                    365.08 USD
  Expenses:Taxes:Y2023:US:CityNYC                  174.92 USD
  Expenses:Taxes:Y2023:US:SDI                        1.12 USD
  Expenses:Taxes:Y2023:US:SocSec                   281.54 USD
  Assets:US:Federal:PreTax401k                   -1200.00 IRAUSD
  Expenses:Taxes:Y2023:US:Federal:PreTax401k      1200.00 IRAUSD
  Assets:US:Babble:Vacation                             5 VACHR
  Income:US:Babble:Vacation                            -5 VACHR

2023-05-25 * "Babble" "Payroll"
  Assets:US:BofA:Checking                         1350.60 USD
  Assets:US:Vanguard:Cash                         1200.00 USD
  Income:US:Babble:Salary                        -4615.38 USD
  Income:US:Babble:GroupTermLife                   -24.32 USD
  Expenses:Health:Life:GroupTermLife                24.32 USD
  Expenses:Health:Dental:Insurance                   2.90 USD
  Expenses:Health:Medical:Insurance                 27.38 USD
  Expenses:Health:Vision:Insurance                  42.30 USD
  Expenses:Taxes:Y2023:US:Medicare                 106.62 USD
  Expenses:Taxes:Y2023:US:Federal                 1062.92 USD
  Expenses:Taxes:Y2023:US:State                    365.08 USD
  Expenses:Taxes:Y2023:US:CityNYC                  174.92 USD
  Expenses:Taxes:Y2023:US:SDI                        1.12 USD
  Expenses:Taxes:Y2023:US:SocSec                   281.54 USD
  Assets:US:Federal:PreTax401k                   -1200.00 IRAUSD
  Expenses:Taxes:Y2023:US:Federal:PreTax401k      1200.00 IRAUSD
  Assets:US:Babble:Vacation                             5 VACHR
  Income:US:Babble:Vacation                            -5 VACHR

2023-06-08 * "Babble" "Payroll"
  Assets:US:BofA:Checking                         1350.60 USD
  Assets:US:Vanguard:Cash                         1200.00 USD
  Income:US:Babble:Salary                        -4615.38 USD
  Income:US:Babble:GroupTermLife                   -24.32 USD
  Expenses:Health:Life:GroupTermLife                24.32 USD
  Expenses:Health:Dental:Insurance                   2.90 USD
  Expenses:Health:Medical:Insurance                 27.38 USD
  Expenses:Health:Vision:Insurance                  42.30 USD
  Expenses:Taxes:Y2023:US:Medicare                 106.62 USD
  Expenses:Taxes:Y2023:US:Federal                 1062.92 USD
  Expenses:Taxes:Y2023:US:State                    365.08 USD
  Expenses:Taxes:Y2023:US:CityNYC                  174.92 USD
  Expenses:Taxes:Y2023:US:SDI                        1.12 USD
  Expenses:Taxes:Y2023:US:SocSec                   281.54 USD
  Assets:US:Federal:PreTax401k                   -1200.00 IRAUSD
  Expenses:Taxes:Y2023:US:Federal:PreTax401k      1200.00 IRAUSD
  Assets:US:Babble:Vacation                             5 VACHR
  Income:US:Babble:Vacation                            -5 VACHR

2023-06-22 * "Babble" "Payroll"
  Assets:US:BofA:Checking                         1350.60 USD
  Assets:US:Vanguard:Cash                         1200.00 USD
  Income:US:Babble:Salary                        -4615.38 USD
  Income:US:Babble:GroupTermLife                   -24.32 USD
  Expenses:Health:Life:GroupTermLife                24.32 USD
  Expenses:Health:Dental:Insurance                   2.90 USD
  Expenses:Health:Medical:Insurance                 27.38 USD
  Expenses:Health:Vision:Insurance                  42.30 USD
  Expenses:Taxes:Y2023:US:Medicare                 106.62 USD
  Expenses:Taxes:Y2023:US:Federal                 1062.92 USD
  Expenses:Taxes:Y2023:US:State                    365.08 USD
  Expenses:Taxes:Y2023:US:CityNYC                  174.92 USD
  Expenses:Taxes:Y2023:US:SDI                        1.12 USD
  Expenses:Taxes:Y2023:US:SocSec                   281.54 USD
  Assets:US:Federal:PreTax401k                   -1200.00 IRAUSD
  Expenses:Taxes:Y2023:US:Federal:PreTax401k      1200.00 IRAUSD
  Assets:US:Babble:Vacation                             5 VACHR
  Income:US:Babble:Vacation                            -5 VACHR

2023-07-06 * "Babble" "Payroll"
  Assets:US:BofA:Checking                         1350.60 USD
  Assets:US:Vanguard:Cash                         1200.00 USD
  Income:US:Babble:Salary                        -4615.38 USD
  Income:US:Babble:GroupTermLife                   -24.32 USD
  Expenses:Health:Life:GroupTermLife                24.32 USD
  Expenses:Health:Dental:Insurance                   2.90 USD
  Expenses:Health:Medical:Insurance                 27.38 USD
  Expenses:Health:Vision:Insurance                  42.30 USD
  Expenses:Taxes:Y2023:US:Medicare                 106.62 USD
  Expenses:Taxes:Y2023:US:Federal                 1062.92 USD
  Expenses:Taxes:Y2023:US:State                    365.08 USD
  Expenses:Taxes:Y2023:US:CityNYC                  174.92 USD
  Expenses:Taxes:Y2023:US:SDI                        1.12 USD
  Expenses:Taxes:Y2023:US:SocSec                   281.54 USD
  Assets:US:Federal:PreTax401k                   -1200.00 IRAUSD
  Expenses:Taxes:Y2023:US:Federal:PreTax401k      1200.00 IRAUSD
  Assets:US:Babble:Vacation                             5 VACHR
  Income:US:Babble:Vacation                            -5 VACHR

2023-07-20 * "Babble" "Payroll"
  Assets:US:BofA:Checking                         1350.60 USD
  Assets:US:Vanguard:Cash                         1200.00 USD
  Income:US:Babble:Salary                        -4615.38 USD
  Income:US:Babble:GroupTermLife                   -24.32 USD
  Expenses:Health:Life:GroupTermLife                24.32 USD
  Expenses:Health:Dental:Insurance                   2.90 USD
  Expenses:Health:Medical:Insurance                 27.38 USD
  Expenses:Health:Vision:Insurance                  42.30 USD
  Expenses:Taxes:Y2023:US:Medicare                 106.62 USD
  Expenses:Taxes:Y2023:US:Federal                 1062.92 USD
  Expenses:Taxes:Y2023:US:State                    365.08 USD
  Expenses:Taxes:Y2023:US:CityNYC                  174.92 USD
  Expenses:Taxes:Y2023:US:SDI                        1.12 USD
  Expenses:Taxes:Y2023:US:SocSec                   281.54 USD
  Assets:US:Federal:PreTax401k                   -1200.00 IRAUSD
  Expenses:Taxes:Y2023:US:Federal:PreTax401k      1200.00 IRAUSD
  Assets:US:Babble:Vacation                             5 VACHR
  Income:US:Babble:Vacation                            -5 VACHR

2023-08-03 * "Babble" "Payroll"
  Assets:US:BofA:Checking                         2050.60 USD
  Assets:US:Vanguard:Cash                          500.00 USD
  Income:US:Babble:Salary                        -4615.38 USD
  Income:US:Babble:GroupTermLife                   -24.32 USD
  Expenses:Health:Life:GroupTermLife                24.32 USD
  Expenses:Health:Dental:Insurance                   2.90 USD
  Expenses:Health:Medical:Insurance                 27.38 USD
  Expenses:Health:Vision:Insurance                  42.30 USD
  Expenses:Taxes:Y2023:US:Medicare                 106.62 USD
  Expenses:Taxes:Y2023:US:Federal                 1062.92 USD
  Expenses:Taxes:Y2023:US:State                    365.08 USD
  Expenses:Taxes:Y2023:US:CityNYC                  174.92 USD
  Expenses:Taxes:Y2023:US:SDI                        1.12 USD
  Expenses:Taxes:Y2023:US:SocSec                   281.54 USD
  Assets:US:Federal:PreTax401k                    -500.00 IRAUSD
  Expenses:Taxes:Y2023:US:Federal:PreTax401k       500.00 IRAUSD
  Assets:US:Babble:Vacation                             5 VACHR
  Income:US:Babble:Vacation                            -5 VACHR

2023-08-17 * "Babble" "Payroll"
  Assets:US:BofA:Checking                         2550.60 USD
  Income:US:Babble:Salary                        -4615.38 USD
  Income:US:Babble:GroupTermLife                   -24.32 USD
  Expenses:Health:Life:GroupTermLife                24.32 USD
  Expenses:Health:Dental:Insurance                   2.90 USD
  Expenses:Health:Medical:Insurance                 27.38 USD
  Expenses:Health:Vision:Insurance                  42.30 USD
  Expenses:Taxes:Y2023:US:Medicare                 106.62 USD
  Expenses:Taxes:Y2023:US:Federal                 1062.92 USD
  Expenses:Taxes:Y2023:US:State                    365.08 USD
  Expenses:Taxes:Y2023:US:CityNYC                  174.92 USD
  Expenses:Taxes:Y2023:US:SDI                        1.12 USD
  Expenses:Taxes:Y2023:US:SocSec                   281.54 USD
  Assets:US:Federal:PreTax401k                       0.00 IRAUSD
  Assets:US:Babble:Vacation                             5 VACHR
  Income:US:Babble:Vacation                            -5 VACHR

2023-08-31 * "Babble" "Payroll"
  Assets:US:BofA:Checking                         2550.60 USD
  Income:US:Babble:Salary                        -4615.38 USD
  Income:US:Babble:GroupTermLife                   -24.32 USD
  Expenses:Health:Life:GroupTermLife                24.32 USD
  Expenses:Health:Dental:Insurance                   2.90 USD
  Expenses:Health:Medical:Insurance                 27.38 USD
  Expenses:Health:Vision:Insurance                  42.30 USD
  Expenses:Taxes:Y2023:US:Medicare                 106.62 USD
  Expenses:Taxes:Y2023:US:Federal                 1062.92 USD
  Expenses:Taxes:Y2023:US:State                    365.08 USD
  Expenses:Taxes:Y2023:US:CityNYC                  174.92 USD
  Expenses:Taxes:Y2023:US:SDI                        1.12 USD
  Expenses:Taxes:Y2023:US:SocSec                   281.54 USD
  Assets:US:Federal:PreTax401k                       0.00 IRAUSD
  Assets:US:Babble:Vacation                             5 VACHR
  Income:US:Babble:Vacation                            -5 VACHR

2023-09-14 * "Babble" "Payroll"
  Assets:US:BofA:Checking                         2550.60 USD
  Income:US:Babble:Salary                        -4615.38 USD
  Income:US:Babble:GroupTermLife                   -24.32 USD
  Expenses:Health:Life:GroupTermLife                24.32 USD
  Expenses:Health:Dental:Insurance                   2.90 USD
  Expenses:Health:Medical:Insurance                 27.38 USD
  Expenses:Health:Vision:Insurance                  42.30 USD
  Expenses:Taxes:Y2023:US:Medicare                 106.62 USD
  Expenses:Taxes:Y2023:US:Federal                 1062.92 USD
  Expenses:Taxes:Y2023:US:State                    365.08 USD
  Expenses:Taxes:Y2023:US:CityNYC                  174.92 USD
  Expenses:Taxes:Y2023:US:SDI                        1.12 USD
  Expenses:Taxes:Y2023:US:SocSec                   281.54 USD
  Assets:US:Federal:PreTax401k                       0.00 IRAUSD
  Assets:US:Babble:Vacation                             5 VACHR
  Income:US:Babble:Vacation                            -5 VACHR

2023-09-28 * "Babble" "Payroll"
  Assets:US:BofA:Checking                         2550.60 USD
  Income:US:Babble:Salary                        -4615.38 USD
  Income:US:Babble:GroupTermLife                   -24.32 USD
  Expenses:Health:Life:GroupTermLife                24.32 USD
  Expenses:Health:Dental:Insurance                   2.90 USD
  Expenses:Health:Medical:Insurance                 27.38 USD
  Expenses:Health:Vision:Insurance                  42.30 USD
  Expenses:Taxes:Y2023:US:Medicare                 106.62 USD
  Expenses:Taxes:Y2023:US:Federal                 1062.92 USD
  Expenses:Taxes:Y2023:US:State                    365.08 USD
  Expenses:Taxes:Y2023:US:CityNYC                  174.92 USD
  Expenses:Taxes:Y2023:US:SDI                        1.12 USD
  Expenses:Taxes:Y2023:US:SocSec                   281.54 USD
  Assets:US:Federal:PreTax401k                       0.00 IRAUSD
  Assets:US:Babble:Vacation                             5 VACHR
  Income:US:Babble:Vacation                            -5 VACHR

2023-10-12 * "Babble" "Payroll"
  Assets:US:BofA:Checking                         2550.60 USD
  Income:US:Babble:Salary                        -4615.38 USD
  Income:US:Babble:GroupTermLife                   -24.32 USD
  Expenses:Health:Life:GroupTermLife                24.32 USD
  Expenses:Health:Dental:Insurance                   2.90 USD
  Expenses:Health:Medical:Insurance                 27.38 USD
  Expenses:Health:Vision:Insurance                  42.30 USD
  Expenses:Taxes:Y2023:US:Medicare                 106.62 USD
  Expenses:Taxes:Y2023:US:Federal                 1062.92 USD
  Expenses:Taxes:Y2023:US:State                    365.08 USD
  Expenses:Taxes:Y2023:US:CityNYC                  174.92 USD
  Expenses:Taxes:Y2023:US:SDI                        1.12 USD
  Expenses:Taxes:Y2023:US:SocSec                   281.54 USD
  Assets:US:Federal:PreTax401k                       0.00 IRAUSD
  Assets:US:Babble:Vacation                             5 VACHR
  Income:US:Babble:Vacation                            -5 VACHR

2023-10-26 * "Babble" "Payroll"
  Assets:US:BofA:Checking                         2550.60 USD
  Income:US:Babble:Salary                        -4615.38 USD
  Income:US:Babble:GroupTermLife                   -24.32 USD
  Expenses:Health:Life:GroupTermLife                24.32 USD
  Expenses:Health:Dental:Insurance                   2.90 USD
  Expenses:Health:Medical:Insurance                 27.38 USD
  Expenses:Health:Vision:Insurance                  42.30 USD
  Expenses:Taxes:Y2023:US:Medicare                 106.62 USD
  Expenses:Taxes:Y2023:US:Federal                 1062.92 USD
  Expenses:Taxes:Y2023:US:State                    365.08 USD
  Expenses:Taxes:Y2023:US:CityNYC                  174.92 USD
  Expenses:Taxes:Y2023:US:SDI                        1.12 USD
  Expenses:Taxes:Y2023:US:SocSec                   281.54 USD
  Assets:US:Federal:PreTax401k                       0.00 IRAUSD
  Assets:US:Babble:Vacation                             5 VACHR
  Income:US:Babble:Vacation                            -5 VACHR

2023-11-09 * "Babble" "Payroll"
  Assets:US:BofA:Checking                         2550.60 USD
  Income:US:Babble:Salary                        -4615.38 USD
  Income:US:Babble:GroupTermLife                   -24.32 USD
  Expenses:Health:Life:GroupTermLife                24.32 USD
  Expenses:Health:Dental:Insurance                   2.90 USD
  Expenses:Health:Medical:Insurance                 27.38 USD
  Expenses:Health:Vision:Insurance                  42.30 USD
  Expenses:Taxes:Y2023:US:Medicare                 106.62 USD
  Expenses:Taxes:Y2023:US:Federal                 1062.92 USD
  Expenses:Taxes:Y2023:US:State                    365.08 USD
  Expenses:Taxes:Y2023:US:CityNYC                  174.92 USD
  Expenses:Taxes:Y2023:US:SDI                        1.12 USD
  Expenses:Taxes:Y2023:US:SocSec                   281.54 USD
  Assets:US:Federal:PreTax401k                       0.00 IRAUSD
  Assets:US:Babble:Vacation                             5 VACHR
  Income:US:Babble:Vacation                            -5 VACHR

2023-11-23 * "Babble" "Payroll"
  Assets:US:BofA:Checking                         2550.60 USD
  Income:US:Babble:Salary                        -4615.38 USD
  Income:US:Babble:GroupTermLife                   -24.32 USD
  Expenses:Health:Life:GroupTermLife                24.32 USD
  Expenses:Health:Dental:Insurance                   2.90 USD
  Expenses:Health:Medical:Insurance                 27.38 USD
  Expenses:Health:Vision:Insurance                  42.30 USD
  Expenses:Taxes:Y2023:US:Medicare                 106.62 USD
  Expenses:Taxes:Y2023:US:Federal                 1062.92 USD
  Expenses:Taxes:Y2023:US:State                    365.08 USD
  Expenses:Taxes:Y2023:US:CityNYC                  174.92 USD
  Expenses:Taxes:Y2023:US:SDI                        1.12 USD
  Expenses:Taxes:Y2023:US:SocSec                   281.54 USD
  Assets:US:Federal:PreTax401k                       0.00 IRAUSD
  Assets:US:Babble:Vacation                             5 VACHR
  Income:US:Babble:Vacation                            -5 VACHR

2023-12-07 * "Babble" "Payroll"
  Assets:US:BofA:Checking                         2589.06 USD
  Income:US:Babble:Salary                        -4615.38 USD
  Income:US:Babble:GroupTermLife                   -24.32 USD
  Expenses:Health:Life:GroupTermLife                24.32 USD
  Expenses:Health:Dental:Insurance                   2.90 USD
  Expenses:Health:Medical:Insurance                 27.38 USD
  Expenses:Health:Vision:Insurance                  42.30 USD
  Expenses:Taxes:Y2023:US:Medicare                 106.62 USD
  Expenses:Taxes:Y2023:US:Federal                 1062.92 USD
  Expenses:Taxes:Y2023:US:State                    365.08 USD
  Expenses:Taxes:Y2023:US:CityNYC                  174.92 USD
  Expenses:Taxes:Y2023:US:SDI                        1.12 USD
  Expenses:Taxes:Y2023:US:SocSec                   243.08 USD
  Assets:US:Federal:PreTax401k                       0.00 IRAUSD
  Assets:US:Babble:Vacation                             5 VACHR
  Income:US:Babble:Vacation                            -5 VACHR

2023-12-21 * "Babble" "Payroll"
  Assets:US:BofA:Checking                         2832.14 USD
  Income:US:Babble:Salary                        -4615.38 USD
  Income:US:Babble:GroupTermLife                   -24.32 USD
  Expenses:Health:Life:GroupTermLife                24.32 USD
  Expenses:Health:Dental:Insurance                   2.90 USD
  Expenses:Health:Medical:Insurance                 27.38 USD
  Expenses:Health:Vision:Insurance                  42.30 USD
  Expenses:Taxes:Y2023:US:Medicare                 106.62 USD
  Expenses:Taxes:Y2023:US:Federal                 1062.92 USD
  Expenses:Taxes:Y2023:US:State                    365.08 USD
  Expenses:Taxes:Y2023:US:CityNYC                  174.92 USD
  Expenses:Taxes:Y2023:US:SDI                        1.12 USD
  Expenses:Taxes:Y2023:US:SocSec                     0.00 USD
  Assets:US:Federal:PreTax401k                       0.00 IRAUSD
  Assets:US:Babble:Vacation                             5 VACHR
  Income:US:Babble:Vacation                            -5 VACHR

2024-01-04 * "Babble" "Payroll"
  Assets:US:BofA:Checking                         1350.60 USD
  Assets:US:Vanguard:Cash                         1200.00 USD
  Income:US:Babble:Salary                        -4615.38 USD
  Income:US:Babble:GroupTermLife                   -24.32 USD
  Expenses:Health:Life:GroupTermLife                24.32 USD
  Expenses:Health:Dental:Insurance                   2.90 USD
  Expenses:Health:Medical:Insurance                 27.38 USD
  Expenses:Health:Vision:Insurance                  42.30 USD
  Expenses:Taxes:Y2024:US:Medicare                 106.62 USD
  Expenses:Taxes:Y2024:US:Federal                 1062.92 USD
  Expenses:Taxes:Y2024:US:State                    365.08 USD
  Expenses:Taxes:Y2024:US:CityNYC                  174.92 USD
  Expenses:Taxes:Y2024:US:SDI                        1.12 USD
  Expenses:Taxes:Y2024:US:SocSec                   281.54 USD
  Assets:US:Federal:PreTax401k                   -1200.00 IRAUSD
  Expenses:Taxes:Y2024:US:Federal:PreTax401k      1200.00 IRAUSD
  Assets:US:Babble:Vacation                             5 VACHR
  Income:US:Babble:Vacation                            -5 VACHR

2024-01-18 * "Babble" "Payroll"
  Assets:US:BofA:Checking                         1350.60 USD
  Assets:US:Vanguard:Cash                         1200.00 USD
  Income:US:Babble:Salary                        -4615.38 USD
  Income:US:Babble:GroupTermLife                   -24.32 USD
  Expenses:Health:Life:GroupTermLife                24.32 USD
  Expenses:Health:Dental:Insurance                   2.90 USD
  Expenses:Health:Medical:Insurance                 27.38 USD
  Expenses:Health:Vision:Insurance                  42.30 USD
  Expenses:Taxes:Y2024:US:Medicare                 106.62 USD
  Expenses:Taxes:Y2024:US:Federal                 1062.92 USD
  Expenses:Taxes:Y2024:US:State                    365.08 USD
  Expenses:Taxes:Y2024:US:CityNYC                  174.92 USD
  Expenses:Taxes:Y2024:US:SDI                        1.12 USD
  Expenses:Taxes:Y2024:US:SocSec                   281.54 USD
  Assets:US:Federal:PreTax401k                   -1200.00 IRAUSD
  Expenses:Taxes:Y2024:US:Federal:PreTax401k      1200.00 IRAUSD
  Assets:US:Babble:Vacation                             5 VACHR
  Income:US:Babble:Vacation                            -5 VACHR

2024-02-01 * "Babble" "Payroll"
  Assets:US:BofA:Checking                         1350.60 USD
  Assets:US:Vanguard:Cash                         1200.00 USD
  Income:US:Babble:Salary                        -4615.38 USD
  Income:US:Babble:GroupTermLife                   -24.32 USD
  Expenses:Health:Life:GroupTermLife                24.32 USD
  Expenses:Health:Dental:Insurance                   2.90 USD
  Expenses:Health:Medical:Insurance                 27.38 USD
  Expenses:Health:Vision:Insurance                  42.30 USD
  Expenses:Taxes:Y2024:US:Medicare                 106.62 USD
  Expenses:Taxes:Y2024:US:Federal                 1062.92 USD
  Expenses:Taxes:Y2024:US:State                    365.08 USD
  Expenses:Taxes:Y2024:US:CityNYC                  174.92 USD
  Expenses:Taxes:Y2024:US:SDI                        1.12 USD
  Expenses:Taxes:Y2024:US:SocSec                   281.54 USD
  Assets:US:Federal:PreTax401k                   -1200.00 IRAUSD
  Expenses:Taxes:Y2024:US:Federal:PreTax401k      1200.00 IRAUSD
  Assets:US:Babble:Vacation                             5 VACHR
  Income:US:Babble:Vacation                            -5 VACHR

2024-02-15 * "Babble" "Payroll"
  Assets:US:BofA:Checking                         1350.60 USD
  Assets:US:Vanguard:Cash                         1200.00 USD
  Income:US:Babble:Salary                        -4615.38 USD
  Income:US:Babble:GroupTermLife                   -24.32 USD
  Expenses:Health:Life:GroupTermLife                24.32 USD
  Expenses:Health:Dental:Insurance                   2.90 USD
  Expenses:Health:Medical:Insurance                 27.38 USD
  Expenses:Health:Vision:Insurance                  42.30 USD
  Expenses:Taxes:Y2024:US:Medicare                 106.62 USD
  Expenses:Taxes:Y2024:US:Federal                 1062.92 USD
  Expenses:Taxes:Y2024:US:State                    365.08 USD
  Expenses:Taxes:Y2024:US:CityNYC                  174.92 USD
  Expenses:Taxes:Y2024:US:SDI                        1.12 USD
  Expenses:Taxes:Y2024:US:SocSec                   281.54 USD
  Assets:US:Federal:PreTax401k                   -1200.00 IRAUSD
  Expenses:Taxes:Y2024:US:Federal:PreTax401k      1200.00 IRAUSD
  Assets:US:Babble:Vacation                             5 VACHR
  Income:US:Babble:Vacation                            -5 VACHR

2024-02-29 * "Babble" "Payroll"
  Assets:US:BofA:Checking                         1350.60 USD
  Assets:US:Vanguard:Cash                         1200.00 USD
  Income:US:Babble:Salary                        -4615.38 USD
  Income:US:Babble:GroupTermLife                   -24.32 USD
  Expenses:Health:Life:GroupTermLife                24.32 USD
  Expenses:Health:Dental:Insurance                   2.90 USD
  Expenses:Health:Medical:Insurance                 27.38 USD
  Expenses:Health:Vision:Insurance                  42.30 USD
  Expenses:Taxes:Y2024:US:Medicare                 106.62 USD
  Expenses:Taxes:Y2024:US:Federal                 1062.92 USD
  Expenses:Taxes:Y2024:US:State                    365.08 USD
  Expenses:Taxes:Y2024:US:CityNYC                  174.92 USD
  Expenses:Taxes:Y2024:US:SDI                        1.12 USD
  Expenses:Taxes:Y2024:US:SocSec                   281.54 USD
  Assets:US:Federal:PreTax401k                   -1200.00 IRAUSD
  Expenses:Taxes:Y2024:US:Federal:PreTax401k      1200.00 IRAUSD
  Assets:US:Babble:Vacation                             5 VACHR
  Income:US:Babble:Vacation                            -5 VACHR

2024-03-14 * "Babble" "Payroll"
  Assets:US:BofA:Checking                         1350.60 USD
  Assets:US:Vanguard:Cash                         1200.00 USD
  Income:US:Babble:Salary                        -4615.38 USD
  Income:US:Babble:GroupTermLife                   -24.32 USD
  Expenses:Health:Life:GroupTermLife                24.32 USD
  Expenses:Health:Dental:Insurance                   2.90 USD
  Expenses:Health:Medical:Insurance                 27.38 USD
  Expenses:Health:Vision:Insurance                  42.30 USD
  Expenses:Taxes:Y2024:US:Medicare                 106.62 USD
  Expenses:Taxes:Y2024:US:Federal                 1062.92 USD
  Expenses:Taxes:Y2024:US:State                    365.08 USD
  Expenses:Taxes:Y2024:US:CityNYC                  174.92 USD
  Expenses:Taxes:Y2024:US:SDI                        1.12 USD
  Expenses:Taxes:Y2024:US:SocSec                   281.54 USD
  Assets:US:Federal:PreTax401k                   -1200.00 IRAUSD
  Expenses:Taxes:Y2024:US:Federal:PreTax401k      1200.00 IRAUSD
  Assets:US:Babble:Vacation                             5 VACHR
  Income:US:Babble:Vacation                            -5 VACHR

2024-03-28 * "Babble" "Payroll"
  Assets:US:BofA:Checking                         1350.60 USD
  Assets:US:Vanguard:Cash                         1200.00 USD
  Income:US:Babble:Salary                        -4615.38 USD
  Income:US:Babble:GroupTermLife                   -24.32 USD
  Expenses:Health:Life:GroupTermLife                24.32 USD
  Expenses:Health:Dental:Insurance                   2.90 USD
  Expenses:Health:Medical:Insurance                 27.38 USD
  Expenses:Health:Vision:Insurance                  42.30 USD
  Expenses:Taxes:Y2024:US:Medicare                 106.62 USD
  Expenses:Taxes:Y2024:US:Federal                 1062.92 USD
  Expenses:Taxes:Y2024:US:State                    365.08 USD
  Expenses:Taxes:Y2024:US:CityNYC                  174.92 USD
  Expenses:Taxes:Y2024:US:SDI                        1.12 USD
  Expenses:Taxes:Y2024:US:SocSec                   281.54 USD
  Assets:US:Federal:PreTax401k                   -1200.00 IRAUSD
  Expenses:Taxes:Y2024:US:Federal:PreTax401k      1200.00 IRAUSD
  Assets:US:Babble:Vacation                             5 VACHR
  Income:US:Babble:Vacation                            -5 VACHR

2024-04-11 * "Babble" "Payroll"
  Assets:US:BofA:Checking                         1350.60 USD
  Assets:US:Vanguard:Cash                         1200.00 USD
  Income:US:Babble:Salary                        -4615.38 USD
  Income:US:Babble:GroupTermLife                   -24.32 USD
  Expenses:Health:Life:GroupTermLife                24.32 USD
  Expenses:Health:Dental:Insurance                   2.90 USD
  Expenses:Health:Medical:Insurance                 27.38 USD
  Expenses:Health:Vision:Insurance                  42.30 USD
  Expenses:Taxes:Y2024:US:Medicare                 106.62 USD
  Expenses:Taxes:Y2024:US:Federal                 1062.92 USD
  Expenses:Taxes:Y2024:US:State                    365.08 USD
  Expenses:Taxes:Y2024:US:CityNYC                  174.92 USD
  Expenses:Taxes:Y2024:US:SDI                        1.12 USD
  Expenses:Taxes:Y2024:US:SocSec                   281.54 USD
  Assets:US:Federal:PreTax401k                   -1200.00 IRAUSD
  Expenses:Taxes:Y2024:US:Federal:PreTax401k      1200.00 IRAUSD
  Assets:US:Babble:Vacation                             5 VACHR
  Income:US:Babble:Vacation                            -5 VACHR

2024-04-25 * "Babble" "Payroll"
  Assets:US:BofA:Checking                         1350.60 USD
  Assets:US:Vanguard:Cash                         1200.00 USD
  Income:US:Babble:Salary                        -4615.38 USD
  Income:US:Babble:GroupTermLife                   -24.32 USD
  Expenses:Health:Life:GroupTermLife                24.32 USD
  Expenses:Health:Dental:Insurance                   2.90 USD
  Expenses:Health:Medical:Insurance                 27.38 USD
  Expenses:Health:Vision:Insurance                  42.30 USD
  Expenses:Taxes:Y2024:US:Medicare                 106.62 USD
  Expenses:Taxes:Y2024:US:Federal                 1062.92 USD
  Expenses:Taxes:Y2024:US:State                    365.08 USD
  Expenses:Taxes:Y2024:US:CityNYC                  174.92 USD
  Expenses:Taxes:Y2024:US:SDI                        1.12 USD
  Expenses:Taxes:Y2024:US:SocSec                   281.54 USD
  Assets:US:Federal:PreTax401k                   -1200.00 IRAUSD
  Expenses:Taxes:Y2024:US:Federal:PreTax401k      1200.00 IRAUSD
  Assets:US:Babble:Vacation                             5 VACHR
  Income:US:Babble:Vacation                            -5 VACHR

2024-05-09 * "Babble" "Payroll"
  Assets:US:BofA:Checking                         1350.60 USD
  Assets:US:Vanguard:Cash                         1200.00 USD
  Income:US:Babble:Salary                        -4615.38 USD
  Income:US:Babble:GroupTermLife                   -24.32 USD
  Expenses:Health:Life:GroupTermLife                24.32 USD
  Expenses:Health:Dental:Insurance                   2.90 USD
  Expenses:Health:Medical:Insurance                 27.38 USD
  Expenses:Health:Vision:Insurance                  42.30 USD
  Expenses:Taxes:Y2024:US:Medicare                 106.62 USD
  Expenses:Taxes:Y2024:US:Federal                 1062.92 USD
  Expenses:Taxes:Y2024:US:State                    365.08 USD
  Expenses:Taxes:Y2024:US:CityNYC                  174.92 USD
  Expenses:Taxes:Y2024:US:SDI                        1.12 USD
  Expenses:Taxes:Y2024:US:SocSec                   281.54 USD
  Assets:US:Federal:PreTax401k                   -1200.00 IRAUSD
  Expenses:Taxes:Y2024:US:Federal:PreTax401k      1200.00 IRAUSD
  Assets:US:Babble:Vacation                             5 VACHR
  Income:US:Babble:Vacation                            -5 VACHR

2024-05-23 * "Babble" "Payroll"
  Assets:US:BofA:Checking                         1350.60 USD
  Assets:US:Vanguard:Cash                         1200.00 USD
  Income:US:Babble:Salary                        -4615.38 USD
  Income:US:Babble:GroupTermLife                   -24.32 USD
  Expenses:Health:Life:GroupTermLife                24.32 USD
  Expenses:Health:Dental:Insurance                   2.90 USD
  Expenses:Health:Medical:Insurance                 27.38 USD
  Expenses:Health:Vision:Insurance                  42.30 USD
  Expenses:Taxes:Y2024:US:Medicare                 106.62 USD
  Expenses:Taxes:Y2024:US:Federal                 1062.92 USD
  Expenses:Taxes:Y2024:US:State                    365.08 USD
  Expenses:Taxes:Y2024:US:CityNYC                  174.92 USD
  Expenses:Taxes:Y2024:US:SDI                        1.12 USD
  Expenses:Taxes:Y2024:US:SocSec                   281.54 USD
  Assets:US:Federal:PreTax401k                   -1200.00 IRAUSD
  Expenses:Taxes:Y2024:US:Federal:PreTax401k      1200.00 IRAUSD
  Assets:US:Babble:Vacation                             5 VACHR
  Income:US:Babble:Vacation                            -5 VACHR

2024-06-06 * "Babble" "Payroll"
  Assets:US:BofA:Checking                         1350.60 USD
  Assets:US:Vanguard:Cash                         1200.00 USD
  Income:US:Babble:Salary                        -4615.38 USD
  Income:US:Babble:GroupTermLife                   -24.32 USD
  Expenses:Health:Life:GroupTermLife                24.32 USD
  Expenses:Health:Dental:Insurance                   2.90 USD
  Expenses:Health:Medical:Insurance                 27.38 USD
  Expenses:Health:Vision:Insurance                  42.30 USD
  Expenses:Taxes:Y2024:US:Medicare                 106.62 USD
  Expenses:Taxes:Y2024:US:Federal                 1062.92 USD
  Expenses:Taxes:Y2024:US:State                    365.08 USD
  Expenses:Taxes:Y2024:US:CityNYC                  174.92 USD
  Expenses:Taxes:Y2024:US:SDI                        1.12 USD
  Expenses:Taxes:Y2024:US:SocSec                   281.54 USD
  Assets:US:Federal:PreTax401k                   -1200.00 IRAUSD
  Expenses:Taxes:Y2024:US:Federal:PreTax401k      1200.00 IRAUSD
  Assets:US:Babble:Vacation                             5 VACHR
  Income:US:Babble:Vacation                            -5 VACHR

2024-06-20 * "Babble" "Payroll"
  Assets:US:BofA:Checking                         1350.60 USD
  Assets:US:Vanguard:Cash                         1200.00 USD
  Income:US:Babble:Salary                        -4615.38 USD
  Income:US:Babble:GroupTermLife                   -24.32 USD
  Expenses:Health:Life:GroupTermLife                24.32 USD
  Expenses:Health:Dental:Insurance                   2.90 USD
  Expenses:Health:Medical:Insurance                 27.38 USD
  Expenses:Health:Vision:Insurance                  42.30 USD
  Expenses:Taxes:Y2024:US:Medicare                 106.62 USD
  Expenses:Taxes:Y2024:US:Federal                 1062.92 USD
  Expenses:Taxes:Y2024:US:State                    365.08 USD
  Expenses:Taxes:Y2024:US:CityNYC                  174.92 USD
  Expenses:Taxes:Y2024:US:SDI                        1.12 USD
  Expenses:Taxes:Y2024:US:SocSec                   281.54 USD
  Assets:US:Federal:PreTax401k                   -1200.00 IRAUSD
  Expenses:Taxes:Y2024:US:Federal:PreTax401k      1200.00 IRAUSD
  Assets:US:Babble:Vacation                             5 VACHR
  Income:US:Babble:Vacation                            -5 VACHR

2024-07-04 * "Babble" "Payroll"
  Assets:US:BofA:Checking                         1350.60 USD
  Assets:US:Vanguard:Cash                         1200.00 USD
  Income:US:Babble:Salary                        -4615.38 USD
  Income:US:Babble:GroupTermLife                   -24.32 USD
  Expenses:Health:Life:GroupTermLife                24.32 USD
  Expenses:Health:Dental:Insurance                   2.90 USD
  Expenses:Health:Medical:Insurance                 27.38 USD
  Expenses:Health:Vision:Insurance                  42.30 USD
  Expenses:Taxes:Y2024:US:Medicare                 106.62 USD
  Expenses:Taxes:Y2024:US:Federal                 1062.92 USD
  Expenses:Taxes:Y2024:US:State                    365.08 USD
  Expenses:Taxes:Y2024:US:CityNYC                  174.92 USD
  Expenses:Taxes:Y2024:US:SDI                        1.12 USD
  Expenses:Taxes:Y2024:US:SocSec                   281.54 USD
  Assets:US:Federal:PreTax401k                   -1200.00 IRAUSD
  Expenses:Taxes:Y2024:US:Federal:PreTax401k      1200.00 IRAUSD
  Assets:US:Babble:Vacation                             5 VACHR
  Income:US:Babble:Vacation                            -5 VACHR

2024-07-18 * "Babble" "Payroll"
  Assets:US:BofA:Checking                         1350.60 USD
  Assets:US:Vanguard:Cash                         1200.00 USD
  Income:US:Babble:Salary                        -4615.38 USD
  Income:US:Babble:GroupTermLife                   -24.32 USD
  Expenses:Health:Life:GroupTermLife                24.32 USD
  Expenses:Health:Dental:Insurance                   2.90 USD
  Expenses:Health:Medical:Insurance                 27.38 USD
  Expenses:Health:Vision:Insurance                  42.30 USD
  Expenses:Taxes:Y2024:US:Medicare                 106.62 USD
  Expenses:Taxes:Y2024:US:Federal                 1062.92 USD
  Expenses:Taxes:Y2024:US:State                    365.08 USD
  Expenses:Taxes:Y2024:US:CityNYC                  174.92 USD
  Expenses:Taxes:Y2024:US:SDI                        1.12 USD
  Expenses:Taxes:Y2024:US:SocSec                   281.54 USD
  Assets:US:Federal:PreTax401k                   -1200.00 IRAUSD
  Expenses:Taxes:Y2024:US:Federal:PreTax401k      1200.00 IRAUSD
  Assets:US:Babble:Vacation                             5 VACHR
  Income:US:Babble:Vacation                            -5 VACHR

2024-08-01 * "Babble" "Payroll"
  Assets:US:BofA:Checking                         2050.60 USD
  Assets:US:Vanguard:Cash                          500.00 USD
  Income:US:Babble:Salary                        -4615.38 USD
  Income:US:Babble:GroupTermLife                   -24.32 USD
  Expenses:Health:Life:GroupTermLife                24.32 USD
  Expenses:Health:Dental:Insurance                   2.90 USD
  Expenses:Health:Medical:Insurance                 27.38 USD
  Expenses:Health:Vision:Insurance                  42.30 USD
  Expenses:Taxes:Y2024:US:Medicare                 106.62 USD
  Expenses:Taxes:Y2024:US:Federal                 1062.92 USD
  Expenses:Taxes:Y2024:US:State                    365.08 USD
  Expenses:Taxes:Y2024:US:CityNYC                  174.92 USD
  Expenses:Taxes:Y2024:US:SDI                        1.12 USD
  Expenses:Taxes:Y2024:US:SocSec                   281.54 USD
  Assets:US:Federal:PreTax401k                    -500.00 IRAUSD
  Expenses:Taxes:Y2024:US:Federal:PreTax401k       500.00 IRAUSD
  Assets:US:Babble:Vacation                             5 VACHR
  Income:US:Babble:Vacation                            -5 VACHR

2024-08-15 * "Babble" "Payroll"
  Assets:US:BofA:Checking                         2550.60 USD
  Income:US:Babble:Salary                        -4615.38 USD
  Income:US:Babble:GroupTermLife                   -24.32 USD
  Expenses:Health:Life:GroupTermLife                24.32 USD
  Expenses:Health:Dental:Insurance                   2.90 USD
  Expenses:Health:Medical:Insurance                 27.38 USD
  Expenses:Health:Vision:Insurance                  42.30 USD
  Expenses:Taxes:Y2024:US:Medicare                 106.62 USD
  Expenses:Taxes:Y2024:US:Federal                 1062.92 USD
  Expenses:Taxes:Y2024:US:State                    365.08 USD
  Expenses:Taxes:Y2024:US:CityNYC                  174.92 USD
  Expenses:Taxes:Y2024:US:SDI                        1.12 USD
  Expenses:Taxes:Y2024:US:SocSec                   281.54 USD
  Assets:US:Federal:PreTax401k                       0.00 IRAUSD
  Assets:US:Babble:Vacation                             5 VACHR
  Income:US:Babble:Vacation                            -5 VACHR



* Taxes

1980-05-12 open Income:US:Federal:PreTax401k                    IRAUSD
1980-05-12 open Assets:US:Federal:PreTax401k                    IRAUSD



** Tax Year 2022

2022-01-01 open Expenses:Taxes:Y2022:US:Federal:PreTax401k      IRAUSD
2022-01-01 open Expenses:Taxes:Y2022:US:Medicare                USD
2022-01-01 open Expenses:Taxes:Y2022:US:Federal                 USD
2022-01-01 open Expenses:Taxes:Y2022:US:CityNYC                 USD
2022-01-01 open Expenses:Taxes:Y2022:US:SDI                     USD
2022-01-01 open Expenses:Taxes:Y2022:US:State                   USD
2022-01-01 open Expenses:Taxes:Y2022:US:SocSec                  USD

2022-01-01 balance Assets:US:Federal:PreTax401k         0 IRAUSD

2022-01-01 * "Allowed contributions for one year"
  Income:US:Federal:PreTax401k                     -18500 IRAUSD
  Assets:US:Federal:PreTax401k                      18500 IRAUSD

2023-03-21 * "Filing taxes for 2022"
  Expenses:Taxes:Y2022:US:Federal                  502.97 USD
  Expenses:Taxes:Y2022:US:State                    443.02 USD
  Liabilities:AccountsPayable                     -945.99 USD

2023-03-22 * "FEDERAL TAXPYMT"
  Assets:US:BofA:Checking                         -502.97 USD
  Liabilities:AccountsPayable                      502.97 USD

2023-03-24 * "STATE TAX & FINANC PYMT"
  Assets:US:BofA:Checking                         -443.02 USD
  Liabilities:AccountsPayable                      443.02 USD



** Tax Year 2023

2023-01-01 open Expenses:Taxes:Y2023:US:Federal:PreTax401k      IRAUSD
2023-01-01 open Expenses:Taxes:Y2023:US:Medicare                USD
2023-01-01 open Expenses:Taxes:Y2023:US:Federal                 USD
2023-01-01 open Expenses:Taxes:Y2023:US:CityNYC                 USD
2023-01-01 open Expenses:Taxes:Y2023:US:SDI                     USD
2023-01-01 open Expenses:Taxes:Y2023:US:State                   USD
2023-01-01 open Expenses:Taxes:Y2023:US:SocSec                  USD

2023-01-01 balance Assets:US:Federal:PreTax401k         0 IRAUSD

2023-01-01 * "Allowed contributions for one year"
  Income:US:Federal:PreTax401k                     -18500 IRAUSD
  Assets:US:Federal:PreTax401k                      18500 IRAUSD

2024-03-24 * "Filing taxes for 2023"
  Expenses:Taxes:Y2023:US:Federal                  472.82 USD
  Expenses:Taxes:Y2023:US:State                    119.09 USD
  Liabilities:AccountsPayable                     -591.91 USD

2024-03-26 * "STATE TAX & FINANC PYMT"
  Assets:US:BofA:Checking                         -119.09 USD
  Liabilities:AccountsPayable                      119.09 USD

2024-03-27 * "FEDERAL TAXPYMT"
  Assets:US:BofA:Checking                         -472.82 USD
  Liabilities:AccountsPayable                      472.82 USD



** Tax Year 2024

2024-01-01 open Expenses:Taxes:Y2024:US:Federal:PreTax401k      IRAUSD
2024-01-01 open Expenses:Taxes:Y2024:US:Medicare                USD
2024-01-01 open Expenses:Taxes:Y2024:US:Federal                 USD
2024-01-01 open Expenses:Taxes:Y2024:US:CityNYC                 USD
2024-01-01 open Expenses:Taxes:Y2024:US:SDI                     USD
2024-01-01 open Expenses:Taxes:Y2024:US:State                   USD
2024-01-01 open Expenses:Taxes:Y2024:US:SocSec                  USD

2024-01-01 balance Assets:US:Federal:PreTax401k         0 IRAUSD

2024-01-01 * "Allowed contributions for one year"
  Income:US:Federal:PreTax401k                     -18500 IRAUSD
  Assets:US:Federal:PreTax401k                      18500 IRAUSD



* Expenses

1980-05-12 open Expenses:Food:Groceries
1980-05-12 open Expenses:Food:Restaurant
1980-05-12 open Expenses:Food:Coffee
1980-05-12 open Expenses:Food:Alcohol
1980-05-12 open Expenses:Transport:Tram
1980-05-12 open Expenses:Home:Rent
1980-05-12 open Expenses:Home:Electricity
1980-05-12 open Expenses:Home:Internet
1980-05-12 open Expenses:Home:Phone
1980-05-12 open Expenses:Financial:Fees
1980-05-12 open Expenses:Financial:Commissions



* Prices

2022-01-07 price VBMPX                              60.24 USD
2022-01-07 price RGAGX                             155.79 USD
2022-01-07 price ITOT                              162.90 USD
2022-01-07 price VEA                               147.39 USD
2022-01-07 price VHT                               198.27 USD
2022-01-07 price GLD                                48.83 USD
2022-01-14 price VBMPX                              59.48 USD
2022-01-14 price RGAGX                             158.70 USD
2022-01-14 price ITOT                              159.72 USD
2022-01-14 price VEA                               147.73 USD
2022-01-14 price VHT                               198.81 USD
2022-01-14 price GLD                                49.74 USD
2022-01-21 price VBMPX                              59.89 USD
2022-01-21 price RGAGX                             163.78 USD
2022-01-21 price ITOT                              159.45 USD
2022-01-21 price VEA                               147.86 USD
2022-01-21 price VHT                               201.61 USD
2022-01-21 price GLD                                48.72 USD
2022-01-28 price VBMPX                              59.99 USD
2022-01-28 price RGAGX                             162.27 USD
2022-01-28 price ITOT                              160.65 USD
2022-01-28 price VEA                               148.39 USD
2022-01-28 price VHT                               201.64 USD
2022-01-28 price GLD                                48.67 USD
2022-02-04 price VBMPX                              60.61 USD
2022-02-04 price RGAGX                             165.68 USD
2022-02-04 price ITOT                              169.60 USD
2022-02-04 price VEA                               147.39 USD
2022-02-04 price VHT                               203.50 USD
2022-02-04 price GLD                                48.46 USD
2022-02-11 price VBMPX                              61.49 USD
2022-02-11 price RGAGX                             161.90 USD
2022-02-11 price ITOT                              173.33 USD
2022-02-11 price VEA                               148.69 USD
2022-02-11 price VHT                               202.26 USD
2022-02-11 price GLD                                47.14 USD
2022-02-18 price VBMPX                              61.73 USD
2022-02-18 price RGAGX                             169.51 USD
2022-02-18 price ITOT                              174.75 USD
2022-02-18 price VEA                               148.93 USD
2022-02-18 price VHT                               203.32 USD
2022-02-18 price GLD                                45.50 USD
2022-02-25 price VBMPX                              61.81 USD
2022-02-25 price RGAGX                             167.40 USD
2022-02-25 price ITOT                              179.16 USD
2022-02-25 price VEA                               148.59 USD
2022-02-25 price VHT                               204.03 USD
2022-02-25 price GLD                                46.11 USD
2022-03-04 price VBMPX                              61.32 USD
2022-03-04 price RGAGX                             167.72 USD
2022-03-04 price ITOT                              179.57 USD
2022-03-04 price VEA                               147.12 USD
2022-03-04 price VHT                               204.18 USD
2022-03-04 price GLD                                45.66 USD
2022-03-11 price VBMPX                              63.17 USD
2022-03-11 price RGAGX                             169.18 USD
2022-03-11 price ITOT                              177.42 USD
2022-03-11 price VEA                               147.56 USD
2022-03-11 price VHT                               204.80 USD
2022-03-11 price GLD                                46.18 USD
2022-03-18 price VBMPX                              62.43 USD
2022-03-18 price RGAGX                             165.78 USD
2022-03-18 price ITOT                              177.69 USD
2022-03-18 price VEA                               149.82 USD
2022-03-18 price VHT                               205.58 USD
2022-03-18 price GLD                                45.88 USD
2022-03-25 price VBMPX                              62.43 USD
2022-03-25 price RGAGX                             160.46 USD
2022-03-25 price ITOT                              179.02 USD
2022-03-25 price VEA                               150.09 USD
2022-03-25 price VHT                               205.00 USD
2022-03-25 price GLD                                44.94 USD
2022-04-01 price VBMPX                              62.39 USD
2022-04-01 price RGAGX                             164.23 USD
2022-04-01 price ITOT                              173.00 USD
2022-04-01 price VEA                               149.69 USD
2022-04-01 price VHT                               206.09 USD
2022-04-01 price GLD                                44.25 USD
2022-04-08 price VBMPX                              62.96 USD
2022-04-08 price RGAGX                             165.00 USD
2022-04-08 price ITOT                              173.21 USD
2022-04-08 price VEA                               148.39 USD
2022-04-08 price VHT                               209.97 USD
2022-04-08 price GLD                                45.30 USD
2022-04-15 price VBMPX                              62.93 USD
2022-04-15 price RGAGX                             161.39 USD
2022-04-15 price ITOT                              174.67 USD
2022-04-15 price VEA                               149.12 USD
2022-04-15 price VHT                               207.29 USD
2022-04-15 price GLD                                45.27 USD
2022-04-22 price VBMPX                              63.60 USD
2022-04-22 price RGAGX                             164.47 USD
2022-04-22 price ITOT                              169.82 USD
2022-04-22 price VEA                               148.67 USD
2022-04-22 price VHT                               212.25 USD
2022-04-22 price GLD                                45.03 USD
2022-04-29 price VBMPX                              63.82 USD
2022-04-29 price RGAGX                             166.03 USD
2022-04-29 price ITOT                              162.48 USD
2022-04-29 price VEA                               146.56 USD
2022-04-29 price VHT                               213.82 USD
2022-04-29 price GLD                                44.93 USD
2022-05-06 price VBMPX                              63.46 USD
2022-05-06 price RGAGX                             164.69 USD
2022-05-06 price ITOT                              163.66 USD
2022-05-06 price VEA                               145.88 USD
2022-05-06 price VHT                               211.32 USD
2022-05-06 price GLD                                44.56 USD
2022-05-13 price VBMPX                              62.81 USD
2022-05-13 price RGAGX                             163.59 USD
2022-05-13 price ITOT                              164.49 USD
2022-05-13 price VEA                               146.23 USD
2022-05-13 price VHT                               210.80 USD
2022-05-13 price GLD                                43.02 USD
2022-05-20 price VBMPX                              62.74 USD
2022-05-20 price RGAGX                             161.41 USD
2022-05-20 price ITOT                              159.90 USD
2022-05-20 price VEA                               146.86 USD
2022-05-20 price VHT                               211.67 USD
2022-05-20 price GLD                                42.99 USD
2022-05-27 price VBMPX                              61.51 USD
2022-05-27 price RGAGX                             161.05 USD
2022-05-27 price ITOT                              158.67 USD
2022-05-27 price VEA                               147.55 USD
2022-05-27 price VHT                               211.21 USD
2022-05-27 price GLD                                43.57 USD
2022-06-03 price VBMPX                              61.32 USD
2022-06-03 price RGAGX                             161.06 USD
2022-06-03 price ITOT                              160.52 USD
2022-06-03 price VEA                               147.56 USD
2022-06-03 price VHT                               212.63 USD
2022-06-03 price GLD                                43.15 USD
2022-06-10 price VBMPX                              60.56 USD
2022-06-10 price RGAGX                             160.62 USD
2022-06-10 price ITOT                              158.77 USD
2022-06-10 price VEA                               147.36 USD
2022-06-10 price VHT                               214.39 USD
2022-06-10 price GLD                                43.09 USD
2022-06-17 price VBMPX                              61.52 USD
2022-06-17 price RGAGX                             160.18 USD
2022-06-17 price ITOT                              158.31 USD
2022-06-17 price VEA                               147.60 USD
2022-06-17 price VHT                               211.71 USD
2022-06-17 price GLD                                43.83 USD
2022-06-24 price VBMPX                              61.26 USD
2022-06-24 price RGAGX                             160.38 USD
2022-06-24 price ITOT                              164.59 USD
2022-06-24 price VEA                               148.31 USD
2022-06-24 price VHT                               211.62 USD
2022-06-24 price GLD                                43.67 USD
2022-07-01 price VBMPX                              60.53 USD
2022-07-01 price RGAGX                             162.30 USD
2022-07-01 price ITOT                              164.85 USD
2022-07-01 price VEA                               149.90 USD
2022-07-01 price VHT                               214.13 USD
2022-07-01 price GLD                                43.27 USD
2022-07-08 price VBMPX                              62.40 USD
2022-07-08 price RGAGX                             160.48 USD
2022-07-08 price ITOT                              171.63 USD
2022-07-08 price VEA                               148.14 USD
2022-07-08 price VHT                               213.95 USD
2022-07-08 price GLD                                42.08 USD
2022-07-15 price VBMPX                              63.05 USD
2022-07-15 price RGAGX                             163.26 USD
2022-07-15 price ITOT                              172.47 USD
2022-07-15 price VEA                               148.79 USD
2022-07-15 price VHT                               215.04 USD
2022-07-15 price GLD                                42.67 USD
2022-07-22 price VBMPX                              63.20 USD
2022-07-22 price RGAGX                             165.53 USD
2022-07-22 price ITOT                              174.45 USD
2022-07-22 price VEA                               149.01 USD
2022-07-22 price VHT                               212.58 USD
2022-07-22 price GLD                                42.28 USD
2022-07-29 price VBMPX                              63.69 USD
2022-07-29 price RGAGX                             171.17 USD
2022-07-29 price ITOT                              174.57 USD
2022-07-29 price VEA                               150.30 USD
2022-07-29 price VHT                               214.15 USD
2022-07-29 price GLD                                41.79 USD
2022-08-05 price VBMPX                              63.24 USD
2022-08-05 price RGAGX                             173.52 USD
2022-08-05 price ITOT                              171.18 USD
2022-08-05 price VEA                               150.30 USD
2022-08-05 price VHT                               215.14 USD
2022-08-05 price GLD                                42.06 USD
2022-08-12 price VBMPX                              62.94 USD
2022-08-12 price RGAGX                             172.13 USD
2022-08-12 price ITOT                              171.52 USD
2022-08-12 price VEA                               152.34 USD
2022-08-12 price VHT                               216.01 USD
2022-08-12 price GLD                                41.23 USD
2022-08-19 price VBMPX                              61.89 USD
2022-08-19 price RGAGX                             170.41 USD
2022-08-19 price ITOT                              169.92 USD
2022-08-19 price VEA                               152.77 USD
2022-08-19 price VHT                               215.95 USD
2022-08-19 price GLD                                41.50 USD
2022-08-26 price VBMPX                              61.52 USD
2022-08-26 price RGAGX                             173.53 USD
2022-08-26 price ITOT                              173.46 USD
2022-08-26 price VEA                               152.40 USD
2022-08-26 price VHT                               215.37 USD
2022-08-26 price GLD                                41.15 USD
2022-09-02 price VBMPX                              61.65 USD
2022-09-02 price RGAGX                             170.97 USD
2022-09-02 price ITOT                              175.92 USD
2022-09-02 price VEA                               151.45 USD
2022-09-02 price VHT                               215.38 USD
2022-09-02 price GLD                                41.04 USD
2022-09-09 price VBMPX                              61.82 USD
2022-09-09 price RGAGX                             168.97 USD
2022-09-09 price ITOT                              174.40 USD
2022-09-09 price VEA                               151.51 USD
2022-09-09 price VHT                               216.34 USD
2022-09-09 price GLD                                41.53 USD
2022-09-16 price VBMPX                              61.73 USD
2022-09-16 price RGAGX                             167.39 USD
2022-09-16 price ITOT                              167.13 USD
2022-09-16 price VEA                               151.39 USD
2022-09-16 price VHT                               218.00 USD
2022-09-16 price GLD                                41.59 USD
2022-09-23 price VBMPX                              61.78 USD
2022-09-23 price RGAGX                             171.52 USD
2022-09-23 price ITOT                              170.23 USD
2022-09-23 price VEA                               150.79 USD
2022-09-23 price VHT                               220.24 USD
2022-09-23 price GLD                                42.15 USD
2022-09-30 price VBMPX                              62.10 USD
2022-09-30 price RGAGX                             167.73 USD
2022-09-30 price ITOT                              169.91 USD
2022-09-30 price VEA                               151.44 USD
2022-09-30 price VHT                               222.28 USD
2022-09-30 price GLD                                42.05 USD
2022-10-07 price VBMPX                              63.42 USD
2022-10-07 price RGAGX                             170.09 USD
2022-10-07 price ITOT                              173.24 USD
2022-10-07 price VEA                               150.61 USD
2022-10-07 price VHT                               221.83 USD
2022-10-07 price GLD                                41.89 USD
2022-10-14 price VBMPX                              62.92 USD
2022-10-14 price RGAGX                             170.91 USD
2022-10-14 price ITOT                              174.10 USD
2022-10-14 price VEA                               151.52 USD
2022-10-14 price VHT                               224.25 USD
2022-10-14 price GLD                                42.27 USD
2022-10-21 price VBMPX                              63.11 USD
2022-10-21 price RGAGX                             173.38 USD
2022-10-21 price ITOT                              173.71 USD
2022-10-21 price VEA                               150.24 USD
2022-10-21 price VHT                               222.70 USD
2022-10-21 price GLD                                42.53 USD
2022-10-28 price VBMPX                              63.60 USD
2022-10-28 price RGAGX                             169.55 USD
2022-10-28 price ITOT                              177.57 USD
2022-10-28 price VEA                               151.28 USD
2022-10-28 price VHT                               223.61 USD
2022-10-28 price GLD                                42.88 USD
2022-11-04 price VBMPX                              63.08 USD
2022-11-04 price RGAGX                             173.03 USD
2022-11-04 price ITOT                              171.91 USD
2022-11-04 price VEA                               151.56 USD
2022-11-04 price VHT                               226.25 USD
2022-11-04 price GLD                                42.92 USD
2022-11-11 price VBMPX                              62.84 USD
2022-11-11 price RGAGX                             171.44 USD
2022-11-11 price ITOT                              171.19 USD
2022-11-11 price VEA                               152.39 USD
2022-11-11 price VHT                               225.28 USD
2022-11-11 price GLD                                43.06 USD
2022-11-18 price VBMPX                              62.80 USD
2022-11-18 price RGAGX                             171.68 USD
2022-11-18 price ITOT                              177.01 USD
2022-11-18 price VEA                               152.78 USD
2022-11-18 price VHT                               226.76 USD
2022-11-18 price GLD                                42.79 USD
2022-11-25 price VBMPX                              63.97 USD
2022-11-25 price RGAGX                             175.14 USD
2022-11-25 price ITOT                              180.04 USD
2022-11-25 price VEA                               151.18 USD
2022-11-25 price VHT                               226.99 USD
2022-11-25 price GLD                                41.60 USD
2022-12-02 price VBMPX                              63.53 USD
2022-12-02 price RGAGX                             176.61 USD
2022-12-02 price ITOT                              178.92 USD
2022-12-02 price VEA                               150.30 USD
2022-12-02 price VHT                               227.36 USD
2022-12-02 price GLD                                41.75 USD
2022-12-09 price VBMPX                              63.41 USD
2022-12-09 price RGAGX                             178.12 USD
2022-12-09 price ITOT                              177.84 USD
2022-12-09 price VEA                               152.71 USD
2022-12-09 price VHT                               227.40 USD
2022-12-09 price GLD                                42.82 USD
2022-12-16 price VBMPX                              63.71 USD
2022-12-16 price RGAGX                             173.07 USD
2022-12-16 price ITOT                              177.58 USD
2022-12-16 price VEA                               155.16 USD
2022-12-16 price VHT                               225.44 USD
2022-12-16 price GLD                                43.15 USD
2022-12-23 price VBMPX                              63.62 USD
2022-12-23 price RGAGX                             175.90 USD
2022-12-23 price ITOT                              179.64 USD
2022-12-23 price VEA                               155.30 USD
2022-12-23 price VHT                               225.88 USD
2022-12-23 price GLD                                42.96 USD
2022-12-30 price VBMPX                              62.97 USD
2022-12-30 price RGAGX                             174.45 USD
2022-12-30 price ITOT                              183.03 USD
2022-12-30 price VEA                               153.42 USD
2022-12-30 price VHT                               224.72 USD
2022-12-30 price GLD                                43.10 USD
2023-01-06 price VBMPX                              63.65 USD
2023-01-06 price RGAGX                             177.65 USD
2023-01-06 price ITOT                              180.50 USD
2023-01-06 price VEA                               152.22 USD
2023-01-06 price VHT                               225.00 USD
2023-01-06 price GLD                                43.06 USD
2023-01-13 price VBMPX                              63.02 USD
2023-01-13 price RGAGX                             182.24 USD
2023-01-13 price ITOT                              182.76 USD
2023-01-13 price VEA                               151.45 USD
2023-01-13 price VHT                               223.89 USD
2023-01-13 price GLD                                43.86 USD
2023-01-20 price VBMPX                              62.34 USD
2023-01-20 price RGAGX                             184.93 USD
2023-01-20 price ITOT                              176.73 USD
2023-01-20 price VEA                               151.30 USD
2023-01-20 price VHT                               223.12 USD
2023-01-20 price GLD                                43.94 USD
2023-01-27 price VBMPX                              63.02 USD
2023-01-27 price RGAGX                             182.33 USD
2023-01-27 price ITOT                              180.64 USD
2023-01-27 price VEA                               151.75 USD
2023-01-27 price VHT                               224.15 USD
2023-01-27 price GLD                                43.41 USD
2023-02-03 price VBMPX                              63.10 USD
2023-02-03 price RGAGX                             187.01 USD
2023-02-03 price ITOT                              182.32 USD
2023-02-03 price VEA                               151.30 USD
2023-02-03 price VHT                               224.72 USD
2023-02-03 price GLD                                43.77 USD
2023-02-10 price VBMPX                              63.76 USD
2023-02-10 price RGAGX                             183.01 USD
2023-02-10 price ITOT                              179.58 USD
2023-02-10 price VEA                               152.25 USD
2023-02-10 price VHT                               224.57 USD
2023-02-10 price GLD                                43.56 USD
2023-02-17 price VBMPX                              64.20 USD
2023-02-17 price RGAGX                             182.18 USD
2023-02-17 price ITOT                              173.53 USD
2023-02-17 price VEA                               153.85 USD
2023-02-17 price VHT                               225.60 USD
2023-02-17 price GLD                                42.60 USD
2023-02-24 price VBMPX                              64.56 USD
2023-02-24 price RGAGX                             185.83 USD
2023-02-24 price ITOT                              172.79 USD
2023-02-24 price VEA                               152.54 USD
2023-02-24 price VHT                               226.73 USD
2023-02-24 price GLD                                42.46 USD
2023-03-03 price VBMPX                              64.60 USD
2023-03-03 price RGAGX                             186.43 USD
2023-03-03 price ITOT                              170.34 USD
2023-03-03 price VEA                               152.59 USD
2023-03-03 price VHT                               227.56 USD
2023-03-03 price GLD                                42.47 USD
2023-03-10 price VBMPX                              65.14 USD
2023-03-10 price RGAGX                             184.21 USD
2023-03-10 price ITOT                              169.89 USD
2023-03-10 price VEA                               152.78 USD
2023-03-10 price VHT                               229.58 USD
2023-03-10 price GLD                                42.09 USD
2023-03-17 price VBMPX                              64.07 USD
2023-03-17 price RGAGX                             183.78 USD
2023-03-17 price ITOT                              167.54 USD
2023-03-17 price VEA                               154.41 USD
2023-03-17 price VHT                               228.34 USD
2023-03-17 price GLD                                42.79 USD
2023-03-24 price VBMPX                              63.23 USD
2023-03-24 price RGAGX                             175.94 USD
2023-03-24 price ITOT                              170.21 USD
2023-03-24 price VEA                               154.05 USD
2023-03-24 price VHT                               227.06 USD
2023-03-24 price GLD                                43.50 USD
2023-03-31 price VBMPX                              62.51 USD
2023-03-31 price RGAGX                             176.41 USD
2023-03-31 price ITOT                              167.73 USD
2023-03-31 price VEA                               154.06 USD
2023-03-31 price VHT                               224.45 USD
2023-03-31 price GLD                                43.22 USD
2023-04-07 price VBMPX                              62.08 USD
2023-04-07 price RGAGX                             176.05 USD
2023-04-07 price ITOT                              171.08 USD
2023-04-07 price VEA                               154.54 USD
2023-04-07 price VHT                               223.72 USD
2023-04-07 price GLD                                42.37 USD
2023-04-14 price VBMPX                              62.28 USD
2023-04-14 price RGAGX                             171.86 USD
2023-04-14 price ITOT                              177.14 USD
2023-04-14 price VEA                               156.29 USD
2023-04-14 price VHT                               223.12 USD
2023-04-14 price GLD                                42.15 USD
2023-04-21 price VBMPX                              62.84 USD
2023-04-21 price RGAGX                             175.42 USD
2023-04-21 price ITOT                              179.07 USD
2023-04-21 price VEA                               156.98 USD
2023-04-21 price VHT                               223.69 USD
2023-04-21 price GLD                                42.25 USD
2023-04-28 price VBMPX                              62.70 USD
2023-04-28 price RGAGX                             176.96 USD
2023-04-28 price ITOT                              180.26 USD
2023-04-28 price VEA                               154.89 USD
2023-04-28 price VHT                               223.95 USD
2023-04-28 price GLD                                42.54 USD
2023-05-05 price VBMPX                              61.86 USD
2023-05-05 price RGAGX                             173.33 USD
2023-05-05 price ITOT                              175.35 USD
2023-05-05 price VEA                               157.03 USD
2023-05-05 price VHT                               225.12 USD
2023-05-05 price GLD                                41.52 USD
2023-05-12 price VBMPX                              61.59 USD
2023-05-12 price RGAGX                             178.52 USD
2023-05-12 price ITOT                              176.19 USD
2023-05-12 price VEA                               157.52 USD
2023-05-12 price VHT                               222.95 USD
2023-05-12 price GLD                                40.52 USD
2023-05-19 price VBMPX                              60.49 USD
2023-05-19 price RGAGX                             178.05 USD
2023-05-19 price ITOT                              171.83 USD
2023-05-19 price VEA                               157.39 USD
2023-05-19 price VHT                               222.59 USD
2023-05-19 price GLD                                40.19 USD
2023-05-26 price VBMPX                              60.68 USD
2023-05-26 price RGAGX                             182.47 USD
2023-05-26 price ITOT                              170.90 USD
2023-05-26 price VEA                               158.10 USD
2023-05-26 price VHT                               223.08 USD
2023-05-26 price GLD                                41.17 USD
2023-06-02 price VBMPX                              61.64 USD
2023-06-02 price RGAGX                             180.21 USD
2023-06-02 price ITOT                              176.35 USD
2023-06-02 price VEA                               155.96 USD
2023-06-02 price VHT                               223.42 USD
2023-06-02 price GLD                                40.80 USD
2023-06-09 price VBMPX                              61.33 USD
2023-06-09 price RGAGX                             175.72 USD
2023-06-09 price ITOT                              176.72 USD
2023-06-09 price VEA                               156.47 USD
2023-06-09 price VHT                               223.49 USD
2023-06-09 price GLD                                41.05 USD
2023-06-16 price VBMPX                              61.51 USD
2023-06-16 price RGAGX                             174.32 USD
2023-06-16 price ITOT                              177.57 USD
2023-06-16 price VEA                               158.39 USD
2023-06-16 price VHT                               226.33 USD
2023-06-16 price GLD                                40.72 USD
2023-06-23 price VBMPX                              61.24 USD
2023-06-23 price RGAGX                             172.16 USD
2023-06-23 price ITOT                              174.61 USD
2023-06-23 price VEA                               158.18 USD
2023-06-23 price VHT                               228.35 USD
2023-06-23 price GLD                                41.03 USD
2023-06-30 price VBMPX                              61.79 USD
2023-06-30 price RGAGX                             169.82 USD
2023-06-30 price ITOT                              177.18 USD
2023-06-30 price VEA                               159.59 USD
2023-06-30 price VHT                               230.29 USD
2023-06-30 price GLD                                40.61 USD
2023-07-07 price VBMPX                              61.69 USD
2023-07-07 price RGAGX                             172.63 USD
2023-07-07 price ITOT                              181.07 USD
2023-07-07 price VEA                               160.42 USD
2023-07-07 price VHT                               232.12 USD
2023-07-07 price GLD                                39.60 USD
2023-07-14 price VBMPX                              61.00 USD
2023-07-14 price RGAGX                             174.31 USD
2023-07-14 price ITOT                              186.70 USD
2023-07-14 price VEA                               161.42 USD
2023-07-14 price VHT                               230.46 USD
2023-07-14 price GLD                                39.93 USD
2023-07-21 price VBMPX                              61.14 USD
2023-07-21 price RGAGX                             174.77 USD
2023-07-21 price ITOT                              184.22 USD
2023-07-21 price VEA                               160.84 USD
2023-07-21 price VHT                               230.60 USD
2023-07-21 price GLD                                40.12 USD
2023-07-28 price VBMPX                              62.58 USD
2023-07-28 price RGAGX                             173.99 USD
2023-07-28 price ITOT                              183.66 USD
2023-07-28 price VEA                               161.56 USD
2023-07-28 price VHT                               231.85 USD
2023-07-28 price GLD                                40.26 USD
2023-08-04 price VBMPX                              62.93 USD
2023-08-04 price RGAGX                             170.30 USD
2023-08-04 price ITOT                              178.57 USD
2023-08-04 price VEA                               161.88 USD
2023-08-04 price VHT                               234.65 USD
2023-08-04 price GLD                                40.65 USD
2023-08-11 price VBMPX                              63.42 USD
2023-08-11 price RGAGX                             172.31 USD
2023-08-11 price ITOT                              180.98 USD
2023-08-11 price VEA                               162.39 USD
2023-08-11 price VHT                               234.38 USD
2023-08-11 price GLD                                39.65 USD
2023-08-18 price VBMPX                              62.98 USD
2023-08-18 price RGAGX                             171.47 USD
2023-08-18 price ITOT                              176.69 USD
2023-08-18 price VEA                               162.37 USD
2023-08-18 price VHT                               236.91 USD
2023-08-18 price GLD                                39.65 USD
2023-08-25 price VBMPX                              62.17 USD
2023-08-25 price RGAGX                             178.05 USD
2023-08-25 price ITOT                              173.67 USD
2023-08-25 price VEA                               164.45 USD
2023-08-25 price VHT                               237.13 USD
2023-08-25 price GLD                                39.16 USD
2023-09-01 price VBMPX                              61.54 USD
2023-09-01 price RGAGX                             178.34 USD
2023-09-01 price ITOT                              172.84 USD
2023-09-01 price VEA                               163.66 USD
2023-09-01 price VHT                               237.02 USD
2023-09-01 price GLD                                39.39 USD
2023-09-08 price VBMPX                              61.01 USD
2023-09-08 price RGAGX                             186.14 USD
2023-09-08 price ITOT                              171.23 USD
2023-09-08 price VEA                               162.94 USD
2023-09-08 price VHT                               237.16 USD
2023-09-08 price GLD                                39.71 USD
2023-09-15 price VBMPX                              61.99 USD
2023-09-15 price RGAGX                             191.24 USD
2023-09-15 price ITOT                              169.52 USD
2023-09-15 price VEA                               162.74 USD
2023-09-15 price VHT                               238.38 USD
2023-09-15 price GLD                                40.15 USD
2023-09-22 price VBMPX                              62.05 USD
2023-09-22 price RGAGX                             190.75 USD
2023-09-22 price ITOT                              171.83 USD
2023-09-22 price VEA                               162.43 USD
2023-09-22 price VHT                               240.13 USD
2023-09-22 price GLD                                41.22 USD
2023-09-29 price VBMPX                              61.57 USD
2023-09-29 price RGAGX                             192.65 USD
2023-09-29 price ITOT                              174.17 USD
2023-09-29 price VEA                               163.22 USD
2023-09-29 price VHT                               240.80 USD
2023-09-29 price GLD                                41.62 USD
2023-10-06 price VBMPX                              61.90 USD
2023-10-06 price RGAGX                             195.27 USD
2023-10-06 price ITOT                              171.90 USD
2023-10-06 price VEA                               163.27 USD
2023-10-06 price VHT                               241.26 USD
2023-10-06 price GLD                                41.95 USD
2023-10-13 price VBMPX                              62.46 USD
2023-10-13 price RGAGX                             192.77 USD
2023-10-13 price ITOT                              173.75 USD
2023-10-13 price VEA                               165.17 USD
2023-10-13 price VHT                               241.74 USD
2023-10-13 price GLD                                40.78 USD
2023-10-20 price VBMPX                              63.77 USD
2023-10-20 price RGAGX                             205.78 USD
2023-10-20 price ITOT                              169.71 USD
2023-10-20 price VEA                               165.13 USD
2023-10-20 price VHT                               243.64 USD
2023-10-20 price GLD                                41.23 USD
2023-10-27 price VBMPX                              63.02 USD
2023-10-27 price RGAGX                             207.04 USD
2023-10-27 price ITOT                              173.74 USD
2023-10-27 price VEA                               165.75 USD
2023-10-27 price VHT                               245.47 USD
2023-10-27 price GLD                                41.89 USD
2023-11-03 price VBMPX                              64.04 USD
2023-11-03 price RGAGX                             207.80 USD
2023-11-03 price ITOT                              171.13 USD
2023-11-03 price VEA                               166.99 USD
2023-11-03 price VHT                               247.23 USD
2023-11-03 price GLD                                41.65 USD
2023-11-10 price VBMPX                              63.97 USD
2023-11-10 price RGAGX                             204.55 USD
2023-11-10 price ITOT                              171.03 USD
2023-11-10 price VEA                               165.21 USD
2023-11-10 price VHT                               247.03 USD
2023-11-10 price GLD                                40.33 USD
2023-11-17 price VBMPX                              63.72 USD
2023-11-17 price RGAGX                             201.69 USD
2023-11-17 price ITOT                              166.54 USD
2023-11-17 price VEA                               165.78 USD
2023-11-17 price VHT                               248.82 USD
2023-11-17 price GLD                                39.64 USD
2023-11-24 price VBMPX                              63.21 USD
2023-11-24 price RGAGX                             201.10 USD
2023-11-24 price ITOT                              168.37 USD
2023-11-24 price VEA                               164.61 USD
2023-11-24 price VHT                               249.67 USD
2023-11-24 price GLD                                39.73 USD
2023-12-01 price VBMPX                              62.72 USD
2023-12-01 price RGAGX                             203.41 USD
2023-12-01 price ITOT                              165.81 USD
2023-12-01 price VEA                               164.92 USD
2023-12-01 price VHT                               250.47 USD
2023-12-01 price GLD                                40.23 USD
2023-12-08 price VBMPX                              61.58 USD
2023-12-08 price RGAGX                             207.03 USD
2023-12-08 price ITOT                              166.04 USD
2023-12-08 price VEA                               164.02 USD
2023-12-08 price VHT                               249.43 USD
2023-12-08 price GLD                                39.99 USD
2023-12-15 price VBMPX                              61.75 USD
2023-12-15 price RGAGX                             210.08 USD
2023-12-15 price ITOT                              171.15 USD
2023-12-15 price VEA                               161.99 USD
2023-12-15 price VHT                               252.13 USD
2023-12-15 price GLD                                40.29 USD
2023-12-22 price VBMPX                              61.69 USD
2023-12-22 price RGAGX                             205.23 USD
2023-12-22 price ITOT                              170.30 USD
2023-12-22 price VEA                               162.92 USD
2023-12-22 price VHT                               254.07 USD
2023-12-22 price GLD                                40.49 USD
2023-12-29 price VBMPX                              60.55 USD
2023-12-29 price RGAGX                             197.18 USD
2023-12-29 price ITOT                              173.02 USD
2023-12-29 price VEA                               164.64 USD
2023-12-29 price VHT                               254.82 USD
2023-12-29 price GLD                                39.64 USD
2024-01-05 price VBMPX                              60.32 USD
2024-01-05 price RGAGX                             198.87 USD
2024-01-05 price ITOT                              171.82 USD
2024-01-05 price VEA                               162.76 USD
2024-01-05 price VHT                               257.50 USD
2024-01-05 price GLD                                38.98 USD
2024-01-12 price VBMPX                              60.08 USD
2024-01-12 price RGAGX                             198.65 USD
2024-01-12 price ITOT                              170.79 USD
2024-01-12 price VEA                               164.08 USD
2024-01-12 price VHT                               259.11 USD
2024-01-12 price GLD                                38.60 USD
2024-01-19 price VBMPX                              59.64 USD
2024-01-19 price RGAGX                             198.51 USD
2024-01-19 price ITOT                              165.23 USD
2024-01-19 price VEA                               164.55 USD
2024-01-19 price VHT                               259.35 USD
2024-01-19 price GLD                                38.04 USD
2024-01-26 price VBMPX                              59.42 USD
2024-01-26 price RGAGX                             197.85 USD
2024-01-26 price ITOT                              161.06 USD
2024-01-26 price VEA                               165.56 USD
2024-01-26 price VHT                               259.21 USD
2024-01-26 price GLD                                38.62 USD
2024-02-02 price VBMPX                              60.00 USD
2024-02-02 price RGAGX                             197.10 USD
2024-02-02 price ITOT                              158.16 USD
2024-02-02 price VEA                               167.11 USD
2024-02-02 price VHT                               260.84 USD
2024-02-02 price GLD                                38.24 USD
2024-02-09 price VBMPX                              60.88 USD
2024-02-09 price RGAGX                             202.40 USD
2024-02-09 price ITOT                              158.54 USD
2024-02-09 price VEA                               166.81 USD
2024-02-09 price VHT                               262.58 USD
2024-02-09 price GLD                                38.87 USD
2024-02-16 price VBMPX                              60.40 USD
2024-02-16 price RGAGX                             194.11 USD
2024-02-16 price ITOT                              161.34 USD
2024-02-16 price VEA                               166.85 USD
2024-02-16 price VHT                               265.36 USD
2024-02-16 price GLD                                38.98 USD
2024-02-23 price VBMPX                              60.88 USD
2024-02-23 price RGAGX                             198.19 USD
2024-02-23 price ITOT                              170.11 USD
2024-02-23 price VEA                               166.16 USD
2024-02-23 price VHT                               265.53 USD
2024-02-23 price GLD                                37.94 USD
2024-03-01 price VBMPX                              60.79 USD
2024-03-01 price RGAGX                             196.23 USD
2024-03-01 price ITOT                              167.34 USD
2024-03-01 price VEA                               166.92 USD
2024-03-01 price VHT                               263.95 USD
2024-03-01 price GLD                                38.01 USD
2024-03-08 price VBMPX                              61.62 USD
2024-03-08 price RGAGX                             192.40 USD
2024-03-08 price ITOT                              164.80 USD
2024-03-08 price VEA                               165.28 USD
2024-03-08 price VHT                               265.00 USD
2024-03-08 price GLD                                38.50 USD
2024-03-15 price VBMPX                              62.58 USD
2024-03-15 price RGAGX                             191.72 USD
2024-03-15 price ITOT                              162.65 USD
2024-03-15 price VEA                               165.57 USD
2024-03-15 price VHT                               263.14 USD
2024-03-15 price GLD                                38.04 USD
2024-03-22 price VBMPX                              62.83 USD
2024-03-22 price RGAGX                             188.54 USD
2024-03-22 price ITOT                              165.98 USD
2024-03-22 price VEA                               165.37 USD
2024-03-22 price VHT                               262.57 USD
2024-03-22 price GLD                                38.29 USD
2024-03-29 price VBMPX                              63.04 USD
2024-03-29 price RGAGX                             186.23 USD
2024-03-29 price ITOT                              171.60 USD
2024-03-29 price VEA                               166.07 USD
2024-03-29 price VHT                               263.32 USD
2024-03-29 price GLD                                38.37 USD
2024-04-05 price VBMPX                              63.95 USD
2024-04-05 price RGAGX                             188.73 USD
2024-04-05 price ITOT                              168.24 USD
2024-04-05 price VEA                               165.98 USD
2024-04-05 price VHT                               263.11 USD
2024-04-05 price GLD                                38.64 USD
2024-04-12 price VBMPX                              63.29 USD
2024-04-12 price RGAGX                             189.75 USD
2024-04-12 price ITOT                              169.78 USD
2024-04-12 price VEA                               166.55 USD
2024-04-12 price VHT                               264.26 USD
2024-04-12 price GLD                                37.85 USD
2024-04-19 price VBMPX                              63.90 USD
2024-04-19 price RGAGX                             195.32 USD
2024-04-19 price ITOT                              176.78 USD
2024-04-19 price VEA                               165.75 USD
2024-04-19 price VHT                               269.32 USD
2024-04-19 price GLD                                38.52 USD
2024-04-26 price VBMPX                              64.24 USD
2024-04-26 price RGAGX                             192.06 USD
2024-04-26 price ITOT                              176.33 USD
2024-04-26 price VEA                               164.83 USD
2024-04-26 price VHT                               269.80 USD
2024-04-26 price GLD                                37.74 USD
2024-05-03 price VBMPX                              64.67 USD
2024-05-03 price RGAGX                             192.14 USD
2024-05-03 price ITOT                              171.05 USD
2024-05-03 price VEA                               162.67 USD
2024-05-03 price VHT                               272.29 USD
2024-05-03 price GLD                                38.18 USD
2024-05-10 price VBMPX                              65.54 USD
2024-05-10 price RGAGX                             185.82 USD
2024-05-10 price ITOT                              172.06 USD
2024-05-10 price VEA                               163.41 USD
2024-05-10 price VHT                               269.23 USD
2024-05-10 price GLD                                38.60 USD
2024-05-17 price VBMPX                              66.15 USD
2024-05-17 price RGAGX                             184.84 USD
2024-05-17 price ITOT                              170.53 USD
2024-05-17 price VEA                               163.76 USD
2024-05-17 price VHT                               270.71 USD
2024-05-17 price GLD                                39.12 USD
2024-05-24 price VBMPX                              65.95 USD
2024-05-24 price RGAGX                             179.93 USD
2024-05-24 price ITOT                              171.85 USD
2024-05-24 price VEA                               163.05 USD
2024-05-24 price VHT                               273.45 USD
2024-05-24 price GLD                                38.71 USD
2024-05-31 price VBMPX                              66.13 USD
2024-05-31 price RGAGX                             180.36 USD
2024-05-31 price ITOT                              171.35 USD
2024-05-31 price VEA                               162.84 USD
2024-05-31 price VHT                               274.32 USD
2024-05-31 price GLD                                38.30 USD
2024-06-07 price VBMPX                              64.91 USD
2024-06-07 price RGAGX                             180.48 USD
2024-06-07 price ITOT                              167.14 USD
2024-06-07 price VEA                               163.35 USD
2024-06-07 price VHT                               273.91 USD
2024-06-07 price GLD                                38.74 USD
2024-06-14 price VBMPX                              66.08 USD
2024-06-14 price RGAGX                             177.69 USD
2024-06-14 price ITOT                              167.34 USD
2024-06-14 price VEA                               165.71 USD
2024-06-14 price VHT                               272.37 USD
2024-06-14 price GLD                                38.61 USD
2024-06-21 price VBMPX                              65.97 USD
2024-06-21 price RGAGX                             176.09 USD
2024-06-21 price ITOT                              160.10 USD
2024-06-21 price VEA                               165.84 USD
2024-06-21 price VHT                               272.16 USD
2024-06-21 price GLD                                38.72 USD
2024-06-28 price VBMPX                              65.83 USD
2024-06-28 price RGAGX                             175.78 USD
2024-06-28 price ITOT                              157.94 USD
2024-06-28 price VEA                               166.52 USD
2024-06-28 price VHT                               273.51 USD
2024-06-28 price GLD                                38.80 USD
2024-07-05 price VBMPX                              65.56 USD
2024-07-05 price RGAGX                             175.40 USD
2024-07-05 price ITOT                              155.94 USD
2024-07-05 price VEA                               167.80 USD
2024-07-05 price VHT                               270.13 USD
2024-07-05 price GLD                                38.32 USD
2024-07-12 price VBMPX                              66.44 USD
2024-07-12 price RGAGX                             177.05 USD
2024-07-12 price ITOT                              153.23 USD
2024-07-12 price VEA                               168.15 USD
2024-07-12 price VHT                               269.78 USD
2024-07-12 price GLD                                38.20 USD
2024-07-19 price VBMPX                              65.64 USD
2024-07-19 price RGAGX                             180.14 USD
2024-07-19 price ITOT                              150.40 USD
2024-07-19 price VEA                               169.08 USD
2024-07-19 price VHT                               269.96 USD
2024-07-19 price GLD                                37.88 USD
2024-07-26 price VBMPX                              65.06 USD
2024-07-26 price RGAGX                             180.83 USD
2024-07-26 price ITOT                              156.02 USD
2024-07-26 price VEA                               169.92 USD
2024-07-26 price VHT                               271.30 USD
2024-07-26 price GLD                                38.42 USD
2024-08-02 price VBMPX                              64.82 USD
2024-08-02 price RGAGX                             179.55 USD
2024-08-02 price ITOT                              161.69 USD
2024-08-02 price VEA                               170.31 USD
2024-08-02 price VHT                               274.16 USD
2024-08-02 price GLD                                38.55 USD
2024-08-09 price VBMPX                              64.86 USD
2024-08-09 price RGAGX                             183.95 USD
2024-08-09 price ITOT                              160.16 USD
2024-08-09 price VEA                               171.52 USD
2024-08-09 price VHT                               275.05 USD
2024-08-09 price GLD                                38.65 USD
2024-08-16 price VBMPX                              65.24 USD
2024-08-16 price RGAGX                             183.39 USD
2024-08-16 price ITOT                              160.74 USD
2024-08-16 price VEA                               170.50 USD
2024-08-16 price VHT                               275.40 USD
2024-08-16 price GLD                                38.89 USD
2024-08-23 price VBMPX                              65.81 USD
2024-08-23 price RGAGX                             184.32 USD
2024-08-23 price ITOT                              159.91 USD
2024-08-23 price VEA                               171.49 USD
2024-08-23 price VHT                               275.46 USD
2024-08-23 price GLD                                38.38 USD



* Cash

